2908 4724
727 377 787 441 128

199 557 315 641 ailquis
331 557 458 623 trahere
474 558 561 623 velit.
592 558 743 624 Attamen
760 559 930 625 consilium
945 569 1017 644 post
1032 561 1145 628 ducem
1160 562 1326 627 amissum

198 661 284 724 vitae
301 659 399 724 finem
414 659 565 738 faciendi,
588 659 672 742 qnod
689 659 870 745 desperatis
892 662 1009 728 animis
1032 682 1186 746 perquam
1206 668 1324 747 aptum

199 768 302 825 estet
325 760 399 825 forti
421 761 633 846 periculorum
661 763 867 847 contemptui,
890 784 951 848 qno
973 765 1061 830 cives
1084 765 1169 849 apud
1189 765 1323 830 Lirium

199 883 224 928 c.
247 865 267 930 6
290 867 310 945 ξ
337 865 357 928 3
380 882 426 945 sq.
454 863 648 928 Flaminium
683 865 874 945 defendunt,
905 867 1089 950 respondet,
1125 886 1164 931 ex
1199 875 1322 949 poetae

199 967 300 1049 ipsius
323 965 456 1047 ingenio
482 965 577 1030 facilc
599 964 675 1029 addi
697 967 808 1050 potuit.

661 1142 698 1217 V,
720 1142 783 1207 677
806 1162 853 1226 sq.

302 1262 382 1327 Nox
396 1260 527 1328 tandem
543 1267 655 1325 contra
670 1262 843 1326 manitesta
859 1261 1025 1327 Ciceronis
1049 1261 1102 1338 (de
1119 1259 1218 1328 divin.
1235 1264 1260 1346 Ι,
1277 1264 1322 1329 35

198 1366 265 1449 §it
288 1373 319 1428 et
341 1363 423 1428 Lirii
441 1363 556 1444 (XXII,
580 1363 640 1427 cd
662 1367 681 1444 ξ
705 1365 738 1446 1)
762 1364 935 1427 manifesta
950 1363 1144 1442 testImonia,
1167 1365 1220 1446 qui
1237 1377 1322 1430 tres

198 1467 319 1530 horas
335 1472 510 1548 pugnatum
527 1483 601 1528 esse
617 1463 789 1548 affirmant,
812 1465 937 1546 proelio
959 1465 1057 1529 finem
1073 1465 1219 1548 imponit.
1250 1466 1324 1532 Hoc

200 1576 306 1632 autem
336 1565 466 1630 minime
491 1565 694 1647 Heynacheri
722 1565 841 1649 (progr,
871 1585 902 1648 p.
930 1566 983 1645 27,
1011 1586 1059 1631 ur.
1090 1564 1145 1647 12)
1177 1567 1217 1630 de
1246 1568 1323 1632 Silii

199 1668 340 1733 fontibus
365 1668 558 1733 sententiam
574 1666 774 1744 confirmare,
796 1668 853 1731 sed
869 1667 986 1750 pugnis
1002 1674 1086 1732 totos
1102 1668 1172 1733 dies
1188 1669 1321 1752 explere

201 1772 335 1852 vulgare
358 1787 431 1834 esse
457 1769 561 1851 poetir
584 1769 646 1833 iam
664 1769 697 1832 in
714 1767 836 1851 proelio
859 1768 900 1832 ad
914 1767 1058 1833 Ticinum
1080 1768 1165 1834 Iacto
1181 1771 1323 1836 vidimus

201 1882 233 1937 et
254 1872 410 1957 exemplis
432 1870 671 1938 illustravimus.
695 1872 736 1953 (p.
759 1871 809 1934 91.
833 1869 896 1955 sq.)

206 2042 208 2048 ,
305 1973 375 2038 Iam
404 1973 446 2038 ad
475 1973 595 2038 calcem
625 1979 815 2058 perventum
845 1980 906 2052 cst3
945 1980 976 2036 et
998 1973 1145 2037 omnibus
1167 1980 1319 2038 accurate

203 2077 373 2160 perpensis
403 2095 465 2139 non
491 2076 560 2139 sinc
584 2094 692 2152 causa,
715 2073 837 2157 opinor,
860 2073 901 2136 ad
922 2081 1064 2139 veterum
1088 2075 1156 2138 iere
1179 2074 1322 2140 virorum

202 2177 393 2257 doctorum1)
431 2178 581 2242 iudicium
617 2187 776 2258 revertor,
813 2176 866 2258 qni
897 2175 1011 2240 Silium
1039 2177 1123 2242 Livii
1160 2177 1321 2262 imprimis

201 2281 349 2362 vestigiis
383 2279 539 2344 institisse
572 2286 780 2360 putaverunt,
811 2285 906 2359 atque
939 2275 1089 2341 Oosackii
1125 2279 1321 2344 sententiam

202 2382 394 2445 firmioribus
406 2380 513 2443 causis
526 2379 715 2443 instruxisse
730 2378 808 2443 mihi
824 2377 942 2456 uldeor,
958 2380 1009 2461 qui
1025 2379 1121 2443 fidem
1138 2379 1322 2446 historicam

203 2483 284 2548 Silio
307 2480 523 2563 abrogandam
546 2479 687 2557 censuit3
710 2480 772 2544 nisi
796 2479 879 2562 quod
895 2499 955 2544 nec
977 2482 1009 2543 in
1026 2483 1120 2546 rebus
1137 2481 1178 2545 ad
1194 2481 1321 2566 mythos

203 2595 236 2648 et
261 2583 468 2665 antiquitates
502 2580 719 2666 spectantibus
753 2590 880 2663 poetam
913 2581 1030 2662 ubique
1062 2583 1221 2664 integram
1256 2603 1321 2648 mc·

205 2685 341 2749 morlam
363 2685 522 2749 mordIcua
544 2684 696 2754 tcqusse,
720 2682 778 2748 sed
800 2684 841 2746 de
864 2702 921 2746 suo
943 2702 1028 2748 nova
1045 2684 1197 2766 figmenta
1220 2685 1321 2750 libere

205 2787 364 2852 adiecisse
380 2787 549 2852 contendo.
565 2785 619 2872 (cf.
630 2805 660 2868 p.
674 2787 725 2850 21.
739 2782 808 2867 sq).
832 2784 866 2849 Si
883 2785 933 2850 cul
947 2785 1179 2868 disputationes
1191 2787 1323 2852 deLivii

203 2888 500 2954 auctoribusaviris
509 2889 610 2955 doctis
621 2887 723 2952 nostri
738 2885 1322 2968 aevisactasneglexissevidcor‚con-

204 2988 287 3052 sultc
295 2988 447 3054 difficiles
456 2999 488 3054 ct
496 2991 664 3072 ambiguas
675 2989 748 3054 illas
759 2988 964 3071 quaestiones
976 2997 1138 3071 tamquam
1156 2991 1321 3072 ,periculo-

204 3109 258 3154 sae
271 3089 402 3172 plenum
415 3109 495 3172 opus
511 3091 613 3155 aleae’
627 3091 759 3173 removi,
768 3088 843 3172 quia
855 3089 968 3154 Silium
978 3090 1076 3156 talem
1091 3091 1175 3156 Livii
1191 3100 1321 3172 textum,

205 3192 309 3275 quails
339 3193 431 3256 noble
461 3211 583 3274 quoque
605 3201 735 3275 praesto
768 3199 830 3270 est,
869 3192 1015 3256 manibus
1048 3211 1197 3258 versasse
1232 3203 1264 3256 et
1286 3213 1323 3258 cr

204 3295 350 3358 omnibus
373 3293 442 3358 eins
465 3293 618 3357 librorum
640 3295 800 3376 partibus,
835 3292 1046 3375 undecunque
1076 3313 1135 3357 eae
1164 3294 1322 3376 originem

205 3396 389 3475 hauserunt,
413 3393 571 3474 hausisse,
603 3405 638 3458 ut
659 3405 745 3479 puto,
768 3394 904 3460 ostendi.
947 3395 1120 3461 Annalium
1150 3395 1321 3480 scriptores

205 3505 351 3563 vetustos
374 3517 446 3563 cnm
469 3498 559 3578 quasi
582 3497 678 3561 duces
702 3497 896 3562 narrationis
923 3505 1065 3563 secutum
1096 3517 1168 3562 esse
1189 3497 1323 3562 micime

205 3608 339 3683 apparet
360 3600 421 3672 rel,
443 3599 468 3664 si
490 3617 725 3681 nonnumquam
748 3598 897 3682 inspexit,
920 3606 1006 3663 certe
1028 3599 1243 3664 demonstrari
1256 3619 1321 3664 nou

206 3710 321 3783 potest.
366 3700 531 3767 Interdum
568 3709 694 3783 poetam
729 3700 826 3765 etiam
847 3699 1015 3783 Polybium
1048 3700 1100 3764 vel
1134 3701 1321 3784 scriptorem

207 3820 276 3865 cum
312 3819 349 3864 ec
380 3801 633 3865 consentientem
664 3801 864 3866 consuluisse
895 3800 973 3864 mihi
1002 3802 1129 3885 quidem
1152 3820 1191 3864 ex
1213 3802 1321 3867 allatis

207 3901 336 3982 saepius
379 3902 534 3983 exemplis
575 3905 671 3984 patet.
733 3902 799 3978 De
826 3901 1005 3967 imitatione
1045 3903 1179 3984 Pompei
1222 3903 1321 3985 Trogi

314 4125 340 4193 1)
359 4125 391 4180 cl.
411 4142 433 4184 e.
453 4143 479 4194 g.
498 4127 601 4196 Rupert
627 4131 777 4192 ,comment
797 4127 830 4180 de
849 4127 910 4183 Silii
928 4128 984 4182 vita
1002 4131 1029 4182 ct
1047 4129 1173 4185 carmine'
1194 4129 1323 4198 (editioni

207 4212 364 4281 praemissa)
384 4229 409 4281 p.
428 4211 553 4267 XXXIII.
