2908 4724
789 326 831 394 92

254 509 398 594 expletus
413 512 478 577 esti
501 509 571 575 Hoc
583 509 713 576 minime
729 512 889 578 consentit
904 529 1030 579 comum
1047 510 1152 592 Livio,
1177 531 1224 576 ex
1240 511 1334 578 cuius
1355 519 1382 576 et

254 611 390 676 aliorum
412 618 557 678 veterum
589 613 779 697 scriptorum
813 613 996 680 narratione
1029 613 1274 695 cogitationem
1310 613 1383 678 levis

254 712 398 797 proelii1)
421 715 529 778 animo
551 713 758 798 percipimus,
787 724 822 780 nt
850 721 883 780 ct
911 714 973 781 hoc
1001 713 1139 781 fortasse
1163 715 1383 799 Heyuachero

254 816 338 879 inter
375 833 491 880 causas
523 814 622 880 fuerit
652 817 821 882 omittendi
862 817 895 881 iu
936 824 1188 900 programmate,
1231 817 1321 900 quod
1355 816 1382 878 in

255 915 482 980 dissertatione
514 915 559 1002 (p.
582 917 633 998 25,
655 938 703 982 nr.
729 919 782 1004 14)
815 919 855 984 de
888 926 1017 1001 receptu
1049 918 1280 984 Romanorum
1317 935 1384 982 cum

256 1017 350 1082 Livio
373 1028 570 1100 congruente
590 1019 731 1102 protulit.
776 1021 841 1086 Sed
863 1019 1020 1104 proelium
1042 1028 1137 1086 nocte
1160 1019 1267 1086 finire
1291 1039 1383 1102 quarn

255 1119 396 1184 maxime
418 1128 529 1184 amant
550 1129 666 1204 poetae
688 1122 772 1206 epici
795 1120 910 1187 Latini.
955 1121 1009 1186 Sic
1029 1121 1062 1186 in
1085 1122 1221 1204 pugnis,
1246 1141 1332 1204 quas
1353 1129 1383 1184 ut

256 1241 351 1286 nemo
367 1221 468 1287 nostri
482 1223 555 1287 aeri
571 1223 725 1288 historiae
747 1222 875 1303 adiciet,
897 1222 943 1287 ita
958 1223 1178 1306 uuusquisque
1195 1225 1242 1290 ad
1259 1225 1383 1289 fabulas

257 1331 289 1388 et
310 1322 458 1389 fictiones
482 1324 675 1405 relegandos
705 1344 778 1390 esse
808 1323 972 1402 concedet,
1004 1324 1168 1407 Vergilius
1200 1327 1306 1410 (Aen.
1332 1325 1381 1398 Xl,

253 1426 316 1492 912
338 1423 430 1509 sqq),
464 1425 612 1490 Valerius
645 1427 781 1492 Flaccus
814 1427 883 1509 (VI,
912 1425 974 1491 752
997 1425 1068 1508 sq),
1102 1427 1233 1494 Statius
1271 1427 1380 1510 (Theb.
1429 1487 1430 1518 ,

257 1527 341 1607 Vlll,
364 1527 424 1592 159
447 1546 514 1609 sqq.
537 1527 578 1600 X,
611 1528 735 1611 lsqq.)
767 1538 895 1594 noctem
928 1529 1215 1610 supervenientem
1249 1529 1378 1596 iaciunt.

254 1628 324 1693 Hoc
355 1627 458 1692 teneri
483 1627 590 1704 velim,
622 1630 697 1712 quia
720 1631 804 1694 infra
833 1631 927 1696 etiam
957 1629 998 1693 ad
1022 1631 1157 1696 eundern
1183 1651 1260 1697 rem
1292 1629 1379 1694 nobis

255 1729 482 1794 recurrendum
512 1731 584 1810 erit,
618 1732 671 1796 ubi
704 1732 788 1796 male
820 1731 896 1797 inde
929 1740 1151 1814 argumentum
1186 1733 1377 1806 hauserunt,

255 1832 339 1914 qnod
361 1831 502 1896 alienum
526 1832 646 1899 fontem
671 1833 785 1900 Silium
808 1843 950 1899 secutum
974 1851 1046 1899 esse
1069 1844 1283 1900 monstraret.

360 1934 496 2000 Restant
518 1955 622 2018 pauca
644 1955 663 2000 e
684 1944 775 2019 parte
797 1935 950 2001 carminis
982 1937 1076 2002 modo
1108 1942 1264 2012 tractata,
1301 1952 1375 2019 quae

255 2043 433 2101 memoratu
455 2055 519 2101 non
544 2037 677 2120 indigna
699 2037 857 2102 videntur.
902 2037 1043 2102 Primum
1065 2039 1150 2104 euim
1172 2040 1297 2118 locum,
1322 2054 1375 2119 quo

256 2157 355 2203 sonus
383 2158 402 2202 a
429 2138 578 2204 tubicinis
612 2140 803 2222 exspirantis
836 2140 934 2204 labris
968 2141 1063 2204 tubae
1097 2138 1229 2206 inflatus
1273 2140 1374 2214 etiarn,

255 2247 464 2323 posteaquam
497 2241 593 2306 homo
626 2241 689 2304 iarn
723 2244 864 2306 mortuus
897 2249 963 2322 est,
1001 2242 1033 2306 in
1067 2261 1141 2307 uere
1174 2237 1373 2325 aliquamdiu

255 2360 427 2406 resonasse
449 2341 565 2407 dicitur
586 2343 654 2424 (IV,
678 2344 736 2407 171
761 2344 856 2425 sqq),
878 2343 1012 2408 aliorum
1040 2343 1186 2426 exemplo
1209 2342 1373 2408 Weaclins

255 2465 284 2529 p.
302 2448 343 2512 19
365 2453 398 2509 et
418 2451 490 2528 post
512 2462 584 2508 eum
598 2444 827 2528 Heynacherus
850 2433 925 2510 diss.
949 2465 979 2528 p.
994 2446 1081 2522 30,2
1098 2445 1140 2509 ad
1157 2446 1370 2510 imitationem

254 2546 421 2612 annalium
442 2545 662 2610 Ennianorum
685 2545 827 2611 incertae
849 2547 937 2612 sedis
959 2545 1133 2628 fragmenti
1152 2547 1224 2612 Llli
1249 2539 1371 2631 (vahl.)

255 2649 371 2729 return,
405 2647 582 2714 0⁰⁸³0kit⁸
614 2667 644 2730 n·
670 2648 709 2713 18
742 2653 851 2712 notum
884 2648 1000 2714 sanem
1033 2648 1135 2714 ruisse
1168 2649 1253 2714 sirio
1278 2642 1369 2712 nnnc

254 2771 381 2818 versum
398 2749 572 2831 contendit,
595 2749 741 2816 Blassius
765 2768 885 2816 recens.
901 2750 978 2814 diss.
998 2749 1116 2816 Wcael.
1133 2773 1164 2834 p.
1179 2751 1246 2818 502
1263 2745 1371 2814 simili·

254 2863 352 2919 tatem
368 2873 387 2918 e
402 2853 541 2936 vulgatis
556 2853 771 2918 Romanorum
788 2850 921 2916 militum
944 2851 1121 2935 colloquiis,
1143 2853 1198 2934 qui
1219 2853 1256 2917 in
1282 2865 1368 2915 excu-

255 2956 314 3020 biis
341 2956 460 3020 circum
484 2956 576 3037 ignes
600 2953 751 3019 sedentes
780 2973 843 3018 non
867 2953 997 3018 dubium
1020 2954 1073 3035 sit,
1106 2955 1181 3036 quin
1214 2955 1257 3018 de
1286 2947 1369 3018 miris

254 3057 411 3121 eiusmodi
445 3055 598 3120 mortibus
632 3055 875 3120 sermocinaturi
910 3055 1039 3133 fuerint,
1073 3056 1220 3122 derivare
1256 3051 1368 3120 studet.

253 3157 323 3240 Ego
346 3176 433 3234 reto,
457 3175 528 3221 curn
551 3156 654 3238 primo
678 3158 793 3222 intuitu
816 3158 897 3223 inter
919 3167 1042 3223 ceteros
1072 3157 1161 3221 locos
1183 3177 1203 3220 a
1225 3150 1367 3222 Wezelio

253 3259 402 3324 laudatos
418 3257 502 3322 hunc
517 3258 653 3322 maxime
666 3259 942 3323 accommodatum
958 3257 1071 3338 videri,
1087 3258 1140 3339 qui
1155 3257 1366 3324 imitationem

254 3361 351 3426 Ennii
374 3360 466 3424 nobis
487 3359 681 3442 persuadere
704 3361 816 3443 possit,
847 3361 1093 3438 existimassem,
1124 3379 1158 3425 re
1182 3357 1366 3442 diligentius

252 3482 414 3546 perpensa
447 3461 544 3526 miror
572 3461 717 3526 homines
748 3462 859 3528 doctos
890 3461 1078 3528 recentioris
1101 3463 1217 3526 aetatis
1240 3466 1364 3545 praeter

253 3563 458 3633 Ocriculum,
485 3562 539 3645 qni
568 3571 674 3630 tamen
704 3565 724 3628 l.
755 3566 773 3627 l.
804 3584 833 3646 p.
864 3564 927 3630 415
961 3582 1019 3629 nec
1052 3565 1140 3646 ipse,
1174 3565 1258 3644 quod
1294 3557 1364 3624 inde

252 3665 404 3746 sequitur,
427 3663 595 3745 concludit,
611 3667 755 3746 quamvis
770 3666 834 3729 iarn
851 3665 1133 3730 Drakenborchius
1150 3675 1182 3729 ct
1195 3661 1363 3749 Rupertius

253 3766 428 3845 attulerint,
453 3766 556 3831 locum
580 3766 763 3832 Thebaidos
779 3767 980 3849 Papinianae
1004 3767 1077 3850 (Xl,
1092 3766 1133 3831 55
1149 3766 1213 3850 sq.)
1237 3776 1362 3850 prorsus

252 3867 445 3950 neglexisse.
489 3867 571 3934 Nam
607 3888 678 3933 cum
707 3868 792 3951 apud
816 3869 954 3934 Statium
986 3888 1097 3933 versus
1123 3866 1275 3948 Enniani,
1311 3857 1360 3946 qui

252 3977 301 4034 est
312 3967 465 4052 ,Cumque
483 3981 577 4053 caput
589 3970 728 4052 caderet,
741 3989 868 4034 carmen
882 3970 957 4034 tuba
970 3971 1038 4034 sola
1050 3970 1194 4054 peregit,
1207 3965 1359 4054 posterius

356 4181 384 4248 1)
402 4183 543 4250 γενομένης
560 4169 574 4232 c'
581 4178 761 4250 apostolice
772 4199 802 4232 τε
813 4185 856 4232 καὶ
866 4179 1023 4248 ἱππομαχίας
1035 4178 1104 4234 dieii
1118 4178 1188 4250 App.
1200 4178 1289 4234 Hand.
1302 4190 1322 4228 o.
1336 4169 1357 4222 5·
