2936 4718
804 367 847 434 66

264 550 394 616 additur
415 551 534 618 milites
557 572 649 617 arma
671 551 799 618 sublata
820 553 860 617 ab
877 573 961 637 aqua
983 551 1182 630 defendisse,
1232 552 1310 618 hoc
1350 561 1409 617 tam

265 652 362 718 lacile
384 672 424 718 ex
447 653 519 738 ipsa
535 664 650 718 natura
664 653 807 719 abstrahi
822 654 934 736 potuit,
951 663 985 719 ut
1000 655 1162 720 neminem
1177 655 1270 719 fore
1289 663 1410 738 putem,

264 755 320 839 qui
340 765 470 840 poetam
491 755 524 819 id
548 774 587 820 ex
609 755 674 820 alio
697 755 784 820 tonte
810 754 1050 841 deprompsisse
1079 757 1224 842 credat.)
1254 765 1296 822 et
1330 757 1410 836 ,Flu-

262 855 373 922 minea
398 857 529 941 sonipes
552 858 706 940 religatus
729 855 855 921 ducitur
889 853 968 921 alno’
1009 859 1074 940 (vs.
1095 859 1171 942 458)
1217 862 1411 942 respondet

175 1013 178 1016 .
262 957 408 1023 Liuianis
436 959 490 1044 (ib.
519 959 622 1045 §9)¹)
659 977 820 1042 ‚equorum
856 977 933 1042 pars
961 979 1080 1042 magna
1105 968 1233 1026 nantes
1277 960 1410 1025 lorisa

263 1060 424 1144 puppibus
457 1060 688 1144 trahebantur’3
730 1059 823 1139 ratio,
867 1080 930 1143 qua
973 1061 1139 1144 elephanti
1173 1061 1411 1127 traducuntur

263 1171 343 1240 (vss.
359 1163 542 1246 460-462)
558 1161 672 1228 cadem
689 1171 750 1240 est,
764 1181 846 1245 quae
857 1161 943 1244 apud
958 1162 1028 1228 Liv.
1050 1163 1091 1228 ib.
1108 1183 1134 1228 e.
1146 1164 1187 1230 28
1206 1167 1233 1245 ξ
1252 1163 1277 1228 6
1296 1183 1371 1246 sqq
1373 1159 1407 1243 ²,l

262 1263 345 1347 ipsis
368 1264 582 1332 locutionibus
605 1263 830 1346 ,resolutis-
852 1263 1000 1332 vinculis'
1022 1266 1176 1347 e§9et
1208 1265 1263 1348 ,in
1295 1261 1408 1329 altum
1433 1274 1434 1363 p

263 1385 282 1431 e
304 1369 325 1448 ξ
347 1369 387 1433 10
410 1365 581 1449 decerptis.
625 1365 710 1444 Quin
733 1364 841 1444 etiam,
864 1365 984 1450 siquis
1007 1365 1180 1432 minutiora
1202 1375 1370 1432 sectetur
1390 1382 1406 1426 e

262 1469 383 1551 ,gregis
405 1467 525 1551 illapsu
548 1466 767 1531 fremebundo’
790 1488 835 1533 vs
848 1468 913 1533 463
934 1477 1064 1551 poetam
1086 1469 1209 1535 bestias
1239 1465 1402 1532 nonullae
1433 1479 1434 1512 t

263 1570 295 1635 in
319 1589 435 1653 aquam
458 1589 494 1635 sc
516 1567 795 1655 praecipitantesll
817 1568 933 1635 leviter
955 1571 1103 1653 tetigisse
1131 1590 1256 1637 eruere
1283 1568 1401 1654 possit

263 1691 457 1757 quamquam
480 1673 574 1738 timor
597 1693 709 1757 aquae,
732 1694 792 1758 quo
816 1695 866 1759 ap.
889 1673 959 1739 Liv.
980 1674 1001 1739 l.
1017 1692 1043 1737 c.
1058 1675 1079 1754 ξ
1095 1675 1136 1738 10
1158 1693 1205 1757 sq.
1233 1679 1274 1738 et
1292 1669 1398 1751 Polyb.

263 1774 285 1841 l.
310 1795 334 1842 c.
356 1775 408 1858 §7
433 1774 596 1859 elephanti
618 1775 798 1859 capiuntur,
823 1776 946 1860 poetice
970 1776 1002 1839 in
1026 1782 1144 1840 metum
1167 1774 1222 1839 dei
1250 1769 1398 1838 fluvialis
1433 1793 1434 1804 ¹

263 1895 439 1943 conversus
461 1885 520 1957 est,
543 1878 599 1960 qui
622 1878 725 1943 beluis
748 1879 909 1944 ferocibus
932 1895 1126 1942 succensens
1149 1877 1252 1942 simul
1272 1884 1317 1942 -et
1339 1893 1393 1957 pa·

262 1979 365 2056 vidus,
380 1987 541 2062 umquam
556 1980 671 2063 pedem
687 1980 802 2063 recipit
813 1979 980 2063 undasque
995 1977 1117 2043 minuit.
1147 1978 1394 2062 Hcynacherus

263 2089 370 2146 autem
408 2100 479 2146 cum
516 2081 607 2170 (diss.
630 2101 662 2166 p.
683 2084 735 2164 21,
763 2085 913 2168 2progr.
941 2101 970 2164 p.
992 2081 1045 2162 20,
1068 2081 1104 2162 3)
1140 2081 1327 2146 transitum
1364 2081 1392 2138 ut

262 2185 348 2269 apud
371 2184 498 2250 Livium
514 2193 546 2248 et
560 2183 726 2268 Polybium
742 2184 925 2262 navibus,
948 2183 992 2249 ita
1014 2182 1099 2266 apud
1123 2181 1240 2249 Silium
1269 2185 1392 2266 ponte

263 2285 374 2371 perfici
409 2285 593 2364 affirmaret,
626 2305 794 2369 perperam
823 2283 1052 2367 interpretatus
1082 2292 1132 2350 cst
1163 2305 1304 2350 versum
1331 2275 1391 2346 456

263 2387 435 2471 ,Invadunt
458 2387 583 2452 alacres
598 2387 762 2453 inimicum
778 2385 927 2471 pontibus
943 2388 1091 2464 amnem',
1114 2386 1188 2470 quia
1211 2377 1389 2470 ,pontibus’

263 2508 327 2554 non
351 2508 445 2555 casus
469 2497 587 2561 sextus,
610 2490 667 2554 sed
692 2489 805 2554 tertius
828 2495 928 2553 estet
949 2487 1205 2568 cumadiectivo,
1229 2486 1321 2571 quod
1343 2487 1387 2547 est

263 2588 440 2670 inimicus,
464 2591 716 2657 connectendum
738 2589 870 2657 fluvium
898 2589 1005 2673 pontis
1035 2589 1259 2674 impatientem
1286 2584 1386 2669 sigui·

264 2691 377 2777 ficat.⁴)
420 2692 471 2758 De
493 2711 556 2778 quo
583 2693 729 2776 Rupertii
757 2701 851 2757 notas
887 2691 1064 2775 inspiciens
1090 2691 1188 2757 facile
1225 2689 1383 2775 potuisset

264 2794 402 2874 edoceri,
425 2793 488 2860 nisi
512 2795 656 2861 consulto
678 2797 718 2860 ah
747 2795 965 2880 explicatione
991 2792 1117 2876 vulgari
1145 2793 1288 2876 quidem,
1329 2783 1380 2853 sed

263 2905 352 2962 recta
374 2897 576 2962 recessisset!
620 2900 669 2962 Ac
692 2898 858 2980 praeclare
880 2896 1003 2962 scilicet
1024 2915 1107 2980 pons
1129 2896 1162 2959 in
1185 2895 1218 2959 id
1235 2893 1381 2979 quadrat,

265 2997 349 3081 quod
372 2999 448 3080 equi
471 3017 529 3081 per
550 3019 666 3082 aquam
689 2999 783 3066 tracti
805 2999 894 3064 sunt!

368 3101 446 3164 Post
472 3099 664 3167 Rhodanum
700 3103 798 3185 igitur
831 3099 1000 3165 traiectum
1035 3098 1134 3165 Silius
1161 3097 1378 3163 Hannibalern

263 3222 327 3269 non
361 3202 443 3267 sicut
468 3201 620 3286 Polybius
649 3204 706 3282 III,
729 3204 770 3269 47
792 3205 812 3283 ξ
835 3207 851 3268 1
876 3210 908 3266 et
929 3201 1040 3266 Livius
1062 3200 1146 3280 XXI,
1174 3203 1212 3268 31
1237 3206 1257 3284 ξ
1278 3202 1301 3268 2
1322 3196 1376 3262 tlu-

263 3305 349 3371 minc
371 3302 508 3368 adverso
535 3311 724 3387 pergentem
752 3303 839 3369 lacit.
884 3303 982 3370 (iuius
1009 3302 1055 3368 rei
1084 3323 1215 3369 causam
1239 3304 1305 3369 iam
1329 3317 1376 3364 su·
1433 3289 1434 3296 '

263 3427 323 3492 pra
352 3413 397 3491 (p.
423 3403 479 3490 65)
506 3404 581 3469 inde
611 3424 684 3470 esse
713 3407 923 3490 repetenda-m
952 3404 1028 3484 dixi,
1063 3404 1146 3489 quod
1181 3404 1222 3470 ad
1258 3403 1376 3470 maiora

262 3508 422 3575 festinans
445 3505 667 3572 dissensiones
689 3506 773 3573 inter
795 3508 997 3590 Allobroges,
1025 3526 1086 3591 quo
1113 3507 1194 3572 haec
1223 3508 1276 3573 via
1299 3506 1375 3569 fere·

263 3609 328 3687 bat,
351 3617 438 3675 ortas
461 3607 623 3690 copiosius
646 3628 795 3676 enarrare
816 3628 934 3693 operae
956 3609 1095 3692 pretium
1117 3627 1179 3674 non
1207 3608 1297 3674 duxit
1318 3617 1372 3670 nec

264 3729 336 3778 cum
359 3708 574 3795 Heynachcro
612 3707 705 3796 (diss.
729 3731 760 3793 p.
783 3711 834 3794 22,
862 3729 969 3794 progr.
991 3730 1022 3794 p.
1045 3710 1102 3797 20)
1128 3731 1168 3776 ex
1190 3710 1255 3775 alio
1278 3711 1371 3782 tonte,

369 3963 397 4033 1)
415 3963 508 4032 Polyb.
528 3961 578 4031 111,
596 3963 632 4020 43
651 3962 668 4033 a
686 3965 712 4019 4.

369 4053 397 4120 2)
415 4051 512 4122 Polyb.
531 4051 581 4118 III,
599 4051 644 4108 46.
1433 4079 1434 4094 ¹

368 4139 396 4210 3)
415 4137 450 4197 cl.
468 4138 526 4196 Liv.
545 4141 563 4197 l.
582 4158 605 4200 o.
624 4141 641 4211 ἕ
659 4143 694 4197 12
712 4139 803 4210 Polyb.
822 4140 841 4194 1.
861 4157 883 4199 c.
903 4142 919 4211 ξ
938 4143 979 4196 11.
1433 4141 1434 4212 l

368 4228 396 4301 4)
416 4227 461 4284 Sic
478 4227 618 4300 Vergilius
635 4229 703 4284 Aen.
722 4225 796 4294 VIll,
816 4227 868 4282 728
886 4237 1003 4298 ,pontem
1020 4227 1182 4298 indignatus
1201 4229 1316 4286 Araxes'.
1433 4229 1434 4234 ’
