2936 4718
649 291 691 358 59

93 476 201 562 quod
229 477 300 560 ipso
323 476 383 542 hoe
406 476 492 556 loeo,
526 477 579 542 ubi
602 477 687 543 vires
710 475 848 560 Libycae
872 487 905 543 et
926 479 1092 563 Hispanae
1116 480 1238 546 disser-

90 586 239 660 nuntur,
262 597 379 644 nomen
391 578 570 662 Hispanum
586 579 619 643 in
631 577 781 643 Afrorum
805 585 920 646 dueem
942 582 1133 647 translatum
1148 582 1237 666 est.¹)

99 681 182 748 Sed
212 680 259 746 eui
283 680 344 746 hoe
365 680 553 746 offensionis
581 701 678 746 eausa
700 681 752 759 sit,
787 680 962 748 dormitare
995 702 1236 767 nonnumquam

106 791 228 868 poetas
250 801 310 846 nee
331 802 394 846 non
419 783 555 848 Statium
580 783 695 860 (Theb.
718 782 772 862 IX,
787 783 864 865 253)
887 786 1052 868 Astyagen
1076 785 1237 869 quendam

114 883 251 952 Graecis
285 882 467 948 hominibus
497 884 667 950 intrusisse
697 893 829 968 reputet.
873 889 1049 952 Antaeus
1072 887 1134 972 (vs.
1160 887 1236 972 264)

104 1006 229 1053 nomen
252 985 395 1070 gigantis
417 985 503 1050 illius
517 986 620 1051 Mauri
643 995 810 1070 terraeque
833 986 890 1051 lilii
914 997 972 1070 est,
995 989 1049 1072 qui
1072 988 1235 1072 quotiens·

106 1107 238 1170 ounque
259 1087 293 1151 in
318 1086 491 1152 laetatione
518 1089 557 1152 ab
576 1089 713 1153 Hereule
737 1089 768 1153 in
793 1098 911 1153 terram
933 1090 1077 1156 deiectus
1092 1100 1171 1166 erat,
1188 1111 1235 1155 re-

104 1191 257 1257 centibus
291 1197 435 1254 amatre
466 1189 588 1256 viribus
617 1191 757 1274 aeoeptis
784 1191 924 1256 relectus
952 1193 1091 1258 surrexit
1113 1202 1145 1258 et
1167 1201 1235 1257 tan-

102 1293 185 1358 dem
212 1293 244 1355 in
269 1297 345 1356 ae're
372 1290 545 1356 suffocatus
574 1291 661 1375 est.²)
704 1293 879 1358 Boeehus
908 1293 968 1378 (vs.
991 1294 1069 1378 285)
1091 1294 1236 1360 reeorda-

104 1394 193 1460 tioni
222 1392 308 1476 regis
331 1392 568 1476 Mauretaniae,
598 1395 652 1477 qui
677 1395 871 1478 Jugurtham
903 1415 1049 1462 soeerum
1082 1396 1236 1461 Romanis

109 1493 266 1582 dedidit³l
292 1495 449 1578 originem
469 1494 577 1578 debet.
620 1496 865 1582 Acherras,⁴)
905 1498 959 1580 qui
982 1518 1028 1565 vs.
1051 1500 1114 1564 299
1137 1481 1237 1590 irater

110 1598 271 1682 Asbytes,
310 1597 443 1678 virginis
477 1599 623 1682 exemplo
657 1599 815 1664 Camillae
850 1599 1056 1682 Vergilianas
1090 1621 1110 1664 a
1141 1606 1239 1683 poeta

111 1698 234 1782 pugnis
262 1707 337 1763 ante
353 1700 532 1781 Saguntum
549 1701 729 1766 commissis
746 1700 920 1781 iniunctae,
944 1702 1136 1786 appellatur,
1152 1701 1238 1766 idem

110 1801 204 1866 valet
226 1808 321 1884 atque
343 1801 557 1878 Aeherres,
582 1801 665 1885 quod
688 1802 721 1865 in
744 1801 851 1866 indiee
874 1822 986 1884 regum
1008 1804 1238 1887 Aegyptiorum

112 1904 155 1966 ab
178 1901 372 1986 Hieronymo
401 1901 503 1966 relato
527 1902 659 1986 ersten)
686 1921 746 1967 nee
767 1903 832 1967 uiri
854 1904 1114 1970 terminationem
1137 1913 1237 1968 muta·

114 2009 184 2068 tam
211 2005 343 2084 exhibet,
374 2013 408 2067 ut
434 2003 504 2069 vioe
527 2022 621 2068 versa
644 2004 720 2083 Vll,
749 2006 810 2070 601
833 2006 926 2070 miles
949 2006 1141 2072 Hannibalis
1163 2007 1239 2070 Ad-

115 2104 259 2176 herbes
288 2114 430 2188 voeatur,
459 2125 532 2171 eum
558 2103 701 2188 vulgaris
728 2105 901 2171 declinatio
924 2107 1041 2171 Latina
1063 2107 1238 2182 Adherbal,

112 2207 241 2272 Graeca
262 2204 437 2296 Ἀτάρβας
458 2206 538 2291 sita)
582 2209 628 2274 Ae
657 2228 774 2272 nomen
804 2209 934 2274 arbitrio
961 2216 1076 2292 poetae
1098 2210 1238 2292 positum

110 2329 188 2374 esse
212 2309 288 2374 inde
311 2297 514 2376 manifestius
535 2311 581 2392 fit,
605 2310 687 2394 quod
712 2311 808 2375 etiam
831 2311 887 2375 alii
910 2313 1018 2376 Poeno
1045 2311 1131 2377 idem
1154 2310 1238 2376 indi·

112 2419 175 2476 tur.
220 2412 366 2495 Ineptum
393 2413 479 2478 enim
508 2420 604 2488 esset,
634 2412 661 2477 si
684 2413 753 2496 quis
776 2414 951 2481 Aeherram
975 2413 1013 2496 X,
1037 2415 1077 2480 76
1099 2433 1239 2481 eommo-

111 2521 286 2596 moratum,
312 2513 366 2597 qui
392 2522 478 2580 metu
502 2513 607 2580 Paulli
636 2516 776 2580 oonsulis
800 2525 939 2580 tremens
962 2515 994 2578 in
1017 2516 1087 2582 aeie
1110 2535 1239 2581 suorum

114 2635 154 2680 se
176 2615 354 2696 abscondit,
377 2622 410 2681 et
432 2617 517 2699 regis
533 2614 664 2700 filium⁷)
688 2616 944 2701 familiaremque
959 2615 1162 2698 Hannibalis,
1185 2617 1239 2700 qui

115 2737 197 2802 prae
221 2718 327 2782 studio
350 2718 466 2783 bellino
489 2719 544 2784 vix
565 2726 660 2784 noete
681 2719 888 2803 tranquillum
912 2737 1058 2785 somnum
1073 2719 1168 2804 eapit,
1183 2738 1238 2784 no-

225 2911 253 2978 1)
277 2910 319 2963 An
347 2910 408 2963 inde
432 2911 499 2964 haee
517 2911 668 2980 permixtio,
694 2909 765 2978 qnod
789 2909 878 2965 subito
898 2908 1081 2964 Hannibalem
1101 2909 1179 2966 Afros
1205 2910 1241 2964 ad

118 2997 289 3067 Hispaniam,
308 2999 443 3068 Hispanos
462 2998 496 3052 ad
514 2997 639 3053 Africam
656 2999 786 3053 tuendam
804 2999 944 3068 reliquisse
969 2999 1080 3053 obscure
1098 2997 1240 3052 meminit?

118 3087 155 3141 ei.
174 3088 233 3142 Liv.
251 3085 323 3142 XXI.
343 3089 376 3143 21
395 3092 410 3151 ἓ
429 3089 462 3142 11
482 3091 510 3142 et
527 3087 586 3143 Pol.
604 3087 655 3158 111,
673 3089 708 3142 33
728 3087 743 3158 ξ
761 3088 779 3143 8
796 3093 939 3157 praeterea
956 3087 1028 3143 intra
1045 3105 1070 3156 p.
1090 3087 1133 3144 63.

227 3175 254 3245 2)
273 3175 307 3231 ef.
326 3176 395 3245 Rup.
415 3177 449 3230 ad
469 3175 515 3234 Sil.
534 3175 583 3242 111,
600 3179 636 3232 40
655 3194 703 3248 sq,
722 3177 800 3245 Prop.
819 3177 868 3242 ΙΙΙ,
888 3180 931 3244 22,
950 3178 968 3232 9
987 3194 1026 3247 sq.
1048 3172 1104 3243 (IV,
1118 3175 1188 3238 229
1201 3190 1241 3243 sq.

121 3263 230 3333 Lehm.)
249 3264 408 3327 ‚luctantum
426 3267 456 3319 in
475 3265 584 3336 pulvere
602 3268 684 3334 signa
702 3266 827 3321 Herculis
848 3265 1030 3336 Antaeique'
1045 3262 1092 3317 Ov.
1111 3263 1176 3318 Met.
1196 3261 1242 3327 IX,

122 3353 177 3410 183
195 3367 235 3422 sq.
255 3353 302 3407 ubi
319 3353 458 3421 Hercules,
477 3353 557 3408 Nessi
575 3368 680 3410 veneno
701 3356 849 3425 periculoso
868 3355 926 3410 sine
945 3368 992 3423 spe
1010 3352 1106 3407 salutis
1116 3350 1242 3417 traditus,

124 3441 158 3496 de
178 3443 313 3513 omnibns,
332 3459 400 3513 quae
419 3441 528 3496 fortiter
546 3442 620 3511 feeit,
646 3443 791 3513 desperans
815 3443 972 3498 incredulus
995 3458 1025 3495 se
1049 3441 1136 3510 ipsum
1160 3439 1243 3493 inter·

125 3534 217 3600 rogat:
250 3549 394 3604 ,saevoque
424 3531 553 3586 alimenta
584 3533 706 3599 parentis
738 3535 870 3587 Antaeo
902 3529 1015 3600 eripui'?
1052 3527 1191 3593 ,Hercules
1217 3531 1244 3581 et

79 3615 90 3638 ⁸
126 3618 257 3676 Antaeus*
276 3620 390 3683 Antnol,
409 3619 470 3675 Lat.
488 3621 562 3676 Ries.
580 3621 603 3680 Ι.
622 3638 648 3689 p.
667 3621 711 3678 36.

233 3709 261 3780 3)
280 3709 314 3766 ef.
334 3709 401 3765 Sall.
419 3709 484 3778 Jug.
504 3726 526 3763 e.
547 3709 580 3763 19
600 3708 616 3779 §
636 3710 651 3764 t
671 3724 693 3763 e.
713 3709 858 3780 bosso.
878 3707 1012 3776 11357.

233 3799 262 3867 4)
284 3799 357 3853 Huie
380 3797 483 3852 formae
508 3798 672 3868 patrocinari
697 3798 816 3853 codicum
848 3814 957 3853 suorum
988 3810 1147 3850 eonsensum
1179 3793 1247 3848 milri

128 3885 249 3942 affirmat
265 3885 395 3945 Blassius.

234 3973 262 4044 5)
281 3975 315 4030 ei.
334 3973 435 4030 Eusebi
454 3975 598 4032 ehronieon
617 3975 658 4032 ed.
677 3975 800 4031 Sehoene
820 3976 871 4033 rol.
890 3979 912 4040 Ι,
932 3973 1044 4043 append.
1064 3989 1090 4041 p.
1109 3973 1154 4026 33.

237 4063 265 4129 6)
282 4063 375 4134 Polyb.
395 4063 416 4130 I,
435 4063 606 4134 49§7(ef.
625 4064 660 4123 ib.
680 4067 778 4129 §Aet
796 4063 875 4132 46,§
913 4061 932 4134 ).

238 4152 266 4219 7)
286 4153 381 4207 Jerbas
401 4169 448 4208 rex
467 4151 614 4208 seeundum
633 4169 686 4208 rss.
705 4151 741 4222 11,
760 4152 795 4207 58
815 4167 872 4221 sqq.
892 4149 1013 4220 Asbytes
1032 4153 1109 4220 pater
1128 4149 1195 4202 erat.

1037 4248 1071 4304 5*
