2936 4718
641 290 683 355 39

62 473 218 538 Latina
240 479 372 551 mutata,
398 479 430 536 ut
453 491 481 538 e.
504 492 535 555 g.
552 472 733 542 Philocteta
746 492 869 557 quoque
892 473 1020 558 saepius
1043 472 1218 556 dicebatur,

68 571 417 657 noaniloctetea1)
448 593 508 640 nec
541 574 604 638 nisi
637 573 698 641 hac
720 594 755 639 re
778 574 939 659 discrepat
965 595 986 638 a
1007 575 1136 639 nomine
1158 574 1219 640 viri

71 674 198 756 Verg.
213 675 296 739 Aen.
310 673 367 752 IX,
389 676 451 742 647
467 677 716 742 commemorati.
752 677 847 744 Hunc
861 678 947 741 enim
962 675 1067 742 locum
1089 686 1220 760 poetam

77 777 128 839 in
159 775 365 858 elaboranda,
399 775 440 841 de
462 796 525 859 qua
546 777 758 860 disputamus,
791 785 881 858 parte
908 779 1087 862 respexisse
1110 779 1218 862 itaque

78 879 329 959 coniecturam,
362 898 424 961 qna
457 878 587 962 quidam
617 878 758 956 ,Bucam'
791 898 848 962 pro
881 879 981 958 ,Buta'
1015 880 1218 946 scribendum

80 981 289 1054 suadebant,
322 978 624 1064 supervacaneaml)
657 999 730 1046 esse
771 980 947 1046 verisimile
985 980 1049 1052 fiet.
1089 983 1117 1047 si
1159 984 1219 1048 hoc

83 1082 267 1146 nobiscum
291 1081 524 1164 reputabimus:
546 1081 645 1147 Butes
668 1102 688 1145 a
702 1082 845 1166 Vergilio
861 1082 909 1171 rir
924 1091 1016 1147 vetus
1031 1093 1063 1148 et
1077 1086 1218 1166 armiger

80 1185 251 1250 Auchisis
275 1183 436 1248 inducitur
459 1191 491 1248 et
512 1185 552 1248 ab
577 1185 690 1248 Aenea
712 1184 851 1250 Ascanio
875 1203 982 1250 comes
1004 1185 1133 1251 additus
1157 1195 1217 1254 est.

79 1287 148 1351 Ad
173 1287 233 1352 hoc
256 1286 437 1370 exemplum
462 1286 561 1352 Silius
584 1286 654 1350 sine
677 1287 772 1351 dubio
795 1305 908 1351 versus
929 1286 967 1366 V,
990 1286 1052 1354 blo
1074 1307 1119 1369 sq.
1143 1308 1216 1353 con·

81 1390 251 1471 einnavit,
274 1389 389 1471 quihus
409 1396 501 1453 vetus
517 1387 708 1454 Hannibalis
723 1390 874 1471 armiger,
896 1408 989 1472 quem
1005 1389 1069 1454 iam
1084 1410 1105 1453 a
1126 1398 1218 1473 petre

86 1492 234 1574 aceepit,
257 1498 527 1574 repraesentatur.
572 1489 655 1555 Hine
687 1497 803 1573 poetae
833 1490 979 1554 veterani
1009 1491 1172 1556 cuiusdam
1199 1511 1218 1556 e

90 1592 194 1676 primi
219 1592 295 1657 belli
309 1590 422 1655 Punici
445 1599 588 1674 tempore
611 1592 798 1657 arcessendi
821 1592 947 1658 occasio
962 1593 1038 1657 data
1053 1602 1132 1672 erat,
1156 1613 1217 1676 quo

89 1695 195 1760 simul
212 1693 396 1776 descriptio,
420 1711 504 1775 qnae
520 1702 659 1778 ceterum
676 1695 770 1758 nnius
786 1694 854 1759 lere
868 1695 998 1776 generis
1016 1704 1049 1760 et
1064 1695 1219 1778 languida

90 1806 162 1876 est,
194 1795 339 1860 variatur
370 1794 432 1880 (vs.
459 1795 524 1862 565
547 1796 643 1879 squ).
687 1795 767 1860 Eum
798 1798 938 1878 armiger
970 1795 1025 1861 ille
1054 1795 1124 1860 fieri
1153 1817 1218 1862 non

95 1896 218 1978 potnit,
240 1895 315 1978 quin
332 1916 350 1960 e
365 1896 498 1979 proeliis
514 1897 554 1960 ab
570 1896 754 1961 Hamilcare
777 1897 808 1959 in
826 1897 939 1962 Sicilia
962 1897 1056 1964 factis
1072 1907 1220 1964 nosceret

100 1997 339 2081 Hannibalique
362 2005 563 2063 monstraret.
605 1997 730 2062 Nomen
746 1997 875 2079 quidem
891 1999 1042 2080 armigeri
1059 2000 1091 2063 in
1108 2009 1218 2066 nostro

100 2098 185 2162 libro
208 2099 304 2165 Silius
332 2120 395 2165 non
423 2099 582 2184 apposnit,
611 2108 644 2164 at
666 2099 794 2164 demum
817 2097 857 2175 X,
881 2100 957 2165 134:
984 2099 1130 2164 Abaris
1157 2108 1217 2168 est.

97 2199 205 2265 Homo
228 2201 428 2284 cognominis
452 2201 527 2266 licet
548 2200 580 2266 in
602 2200 746 2266 Aeneide
769 2200 841 2285 (IX,
863 2202 939 2285 344)
962 2201 1045 2266 inter
1067 2200 1217 2267 custodes

92 2301 307 2382 dormientes,
330 2322 409 2386 quos
434 2302 596 2388 Euryalus
618 2311 723 2383 necat,
746 2302 853 2388 itaque
877 2304 960 2368 inter
981 2303 1083 2368 Turni
1106 2301 1217 2387 copias

93 2404 267 2488 rel'erntur,
301 2413 408 2471 tamen
443 2405 483 2470 de
517 2424 555 2469 eo
587 2406 702 2472 Silium
733 2407 763 2470 h.
787 2408 805 2471 l.
837 2407 998 2490 cogitasse
1031 2405 1084 2472 vix
1117 2405 1217 2471 credi·

94 2505 218 2590 oerim3
260 2527 320 2572 nec
356 2508 386 2572 ei
424 2508 462 2572 ob
500 2508 609 2573 oeulos
646 2516 808 2573 versatum
846 2527 919 2573 esse
955 2508 1132 2575 verisimile
1168 2517 1218 2574 est

97 2608 232 2674 Abarim
276 2608 489 2674 fabulatorem
534 2609 623 2674 illum
667 2610 949 2694 Hyperboraeum,
993 2611 1084 2675 cuius
1130 2629 1218 2675 men·

97 2709 220 2774 tionem
256 2711 335 2776 fecit
372 2710 410 2776 0.
439 2711 611 2776 Muellerus
649 2711 724 2777 bist.
769 2712 829 2778 litt.
867 2712 980 2778 Graec.
1016 2715 1041 2796 l,
1076 2714 1134 2780 421
1169 2733 1217 2796 sq.

95 2809 220 2876 Contra
256 2813 437 2903 exemplum
474 2813 575 2878 fnisse
610 2821 718 2897 putem
756 2814 908 2890 Abarim,
950 2832 1044 2896 quem
1081 2814 1217 2880 Ovidius

96 2913 176 2978 Met.
191 2914 229 2996 V,
246 2915 287 2980 86
302 2915 435 2994 Phineo,
458 2916 548 2982 fratri
566 2915 699 2999 Cephei,
715 2914 908 2998 Aethiopum
924 2915 1020 2998 regis,
1036 2915 1077 2981 de
1092 2916 1217 2984 Andro·

98 3015 196 3079 meda
230 3035 300 3082 cum
323 3018 442 3083 Perseo
476 3020 612 3082 certanti
645 3017 767 3082 socium
801 3015 884 3082 fecit.
930 3016 1014 3095 Quid
1038 3019 1122 3083 enim
1144 3038 1218 3103 pro·

94 3117 214 3182 clivins
248 3116 308 3183 fuit
344 3138 439 3200 quam
469 3140 489 3184 a
519 3119 673 3184 bellatore
696 3118 888 3202 Aethiopico
919 3121 1080 3184 communi
1114 3121 1218 3203 figura

97 3219 238 3283 bominis
262 3220 408 3285 Africani
430 3223 593 3286 abstracta
607 3222 750 3287 Poenum
774 3220 903 3285 lacere?
944 3222 990 3286 Ac
1013 3241 1054 3287 ne
1073 3224 1135 3287 hac
1149 3223 1218 3305 qui-

96 3319 173 3383 dem
197 3319 429 3387 deliberatione
451 3343 532 3407 opus
555 3333 634 3405 erat,
658 3343 727 3389 cnm
752 3324 928 3389 secundum
952 3325 1009 3406 lll,
1031 3325 1094 3390 265
1116 3324 1215 3389 etiam

97 3419 274 3504 Aethiopes
310 3423 343 3487 in
375 3425 517 3490 exercitu
539 3424 732 3490 Hannibalis
767 3425 914 3492 militent.
959 3424 1025 3493 Sed
1054 3423 1150 3489 redeo
1174 3424 1216 3489 ad

98 3521 260 3588 Romanos
283 3524 316 3587 in
337 3527 408 3608 ripa
430 3526 647 3592 Trasumenni
675 3546 798 3607 caesos,
827 3547 959 3609 quorum
990 3545 1088 3608 snpra
1117 3526 1217 3591 nomi·

99 3623 185 3689 natis
212 3625 396 3709 adiungitur
418 3628 618 3694 Laevinus
640 3630 701 3714 (vs.
723 3629 810 3714 544).
846 3629 916 3694 Hoc
931 3627 1061 3692 nomine
1076 3628 1215 3711 praediti

208 3888 234 3956 1)
254 3888 290 3946 cf.
307 3889 384 3945 Neue
402 3890 463 3948 Lat.
482 3889 677 3948 Formenlehre
695 3890 716 3945 l.
735 3909 761 3962 p.
779 3891 815 3946 36
833 3907 891 3961 sqq.

206 3977 234 4047 2)
252 3976 288 4032 Et
306 3993 337 4032 eo
355 3981 452 4050 magis,
473 3980 545 4050 qnod
561 3979 649 4045 ,Buta'
668 3996 709 4050 ap.
728 3981 822 4037 Senee
841 3996 882 4050 ep.
896 3978 954 4050 XX,
973 3979 991 4038 5
1008 3987 1050 4047 l:
1068 3977 1132 4050 122)
1147 3971 1216 4050 510,

100 4079 250 4133 cognomen
268 4066 350 4122 Acilii
369 4071 420 4127 est.
