2936 4718
617 331 657 396 37

58 533 148 578 cum
175 514 366 596 praesertim
392 514 473 578 inter
496 514 666 596 legendum
691 515 798 580 statim
813 516 930 582 animis
947 516 1202 600 recurratHylas

59 616 131 679 ille
158 614 307 680 Herculis
330 634 448 694 comae,
472 616 561 679 cuius
585 615 732 699 sortem1)
755 626 848 700 poeta
871 619 995 683 ridetur
1016 618 1202 683 recordatus

65 736 166 782 esse.

525 891 558 968 V,
582 890 759 956 344--375,

123 1011 230 1100 uano,
253 1029 345 1099 quom
371 1008 528 1082 Hannibal
552 1013 740 1099 comitatur,
764 1015 957 1086 vulneratus
983 1015 1015 1085 in
1041 1016 1158 1086 castro

439 1137 478 1190 so
501 1119 618 1206 recipit
641 1122 676 1192 ot
701 1122 874 1220 sanatur.-

151 1257 153 1260 ·
191 1239 254 1304 Sed
278 1240 319 1303 ad
343 1241 515 1304 secundam
550 1247 583 1307 et
616 1244 742 1307 tertiam
776 1252 901 1325 partem
935 1263 984 1306 me
1013 1250 1130 1321 vertor,
1165 1261 1202 1304 ac

70 1344 220 1426 primum
236 1341 365 1423 quidem
380 1341 421 1405 ad
437 1362 549 1408 versus
564 1343 742 1409 344-375.
766 1345 854 1423 Quos
872 1345 1002 1430 Vergilii
1023 1343 1202 1407 imitatione

74 1461 256 1526 expressos
290 1462 361 1508 esse
395 1446 467 1528 plus
501 1465 597 1528 quam
629 1456 703 1510 ante
735 1448 792 1511 hos
826 1456 953 1510 centum
987 1466 1090 1510 annos
1123 1444 1201 1509 viris

78 1546 188 1610 doctis
216 1544 280 1609 iam
309 1546 507 1630 exploratum
540 1558 617 1614 erat.
664 1553 812 1614 Attamen
837 1548 1006 1630 Rupertius
1035 1565 1202 1611 numerum

78 1667 148 1711 non
172 1655 258 1713 recte
282 1647 446 1730 indicauit,
461 1669 531 1712 cum
549 1652 627 1714 Aen.
642 1649 682 1731 X,
705 1651 873 1717 383-424
884 1670 941 1734 pro
956 1649 1019 1715 XII
1036 1649 1200 1713 scriberet.

77 1749 126 1814 Ut
159 1750 246 1812 enim
280 1749 346 1813 illic
369 1751 501 1814 Aenean
534 1753 734 1815 uulneratum
769 1751 853 1816 filius
884 1762 915 1816 et
944 1751 1023 1816 socii
1046 1750 1202 1814 fidelese

80 1871 194 1933 pugna
216 1851 248 1914 in
272 1860 377 1918 castra
393 1862 625 1936 prosequuntur
647 1852 726 1938 (uss.
742 1855 813 1924 384.
830 1854 917 1938 aba),
941 1855 987 1918 ita
1009 1853 1061 1916 hic
1077 1852 1202 1915 Hanni·

82 1953 140 2016 bal
155 1952 323 2035 Magonem
340 1955 471 2016 tratrem
496 1955 571 2034 (350
586 1957 665 2036 sq.);
689 1964 723 2018 ut
743 1955 810 2020 illic
825 1957 929 2038 iapyx
952 1963 1043 2019 vetus
1059 1953 1201 2016 medicus

84 2054 231 2119 sanando
253 2073 347 2137 opem
368 2055 431 2118 lert
455 2056 514 2137 (vs.
530 2057 614 2139 391),
638 2057 683 2120 ita
703 2056 754 2120 hic
769 2054 974 2140 Synhalus
996 2055 1201 2136 grandaevus

84 2157 260 2222 advocatur
283 2159 343 2238 (vs.
367 2156 456 2240 352);
487 2168 519 2220 et
548 2167 581 2221 ut
612 2158 667 2222 ille
690 2167 791 2222 artem
814 2177 905 2223 suram
929 2155 1091 2240 Apollinis
1117 2155 1201 2219 dono

83 2258 212 2340 accepit
234 2259 295 2343 (vs.
317 2260 379 2325 392
402 2261 493 2344 squ),
516 2260 562 2324 sic
585 2268 714 2324 atavum
730 2261 822 2324 huius
839 2264 987 2339 Ammon,
1010 2259 1089 2322 deus
1111 2257 1201 2340 Liby-

82 2380 151 2441 cus,
174 2361 364 2426 medicinam
388 2361 503 2442 docuit,
526 2362 616 2427 cuius
639 2363 787 2444 peritiam
810 2384 830 2425 a
852 2369 942 2444 patre
975 2379 1103 2445 semper
1136 2358 1202 2423 filio

83 2463 274 2527 hereditatis
298 2463 392 2528 modo
407 2463 558 2527 traditam
574 2465 703 2547 proprio
719 2463 825 2528 studio
846 2465 935 2526 auxit
956 2465 1017 2544 (vs.
1033 2461 1094 2527 357
1111 2468 1202 2544 equ).

87 2569 196 2630 Artem
220 2565 295 2630 ferri
319 2565 590 2630 incantationibus
617 2586 634 2629 e
658 2567 760 2630 saucii
789 2585 919 2648 corpora
943 2564 1102 2646 trahendi,
1138 2583 1203 2626 ser-

88 2677 201 2750 pentes
217 2669 363 2731 sollerter
379 2667 545 2733 tractando
562 2676 593 2732 et
609 2667 778 2732 mulcendo
792 2666 1005 2751 leniendas,2)
1022 2667 1203 2729 succinctas

88 2769 203 2834 medici
236 2777 355 2842 vestes,
387 2770 495 2833 omnia
528 2769 608 2834 hacc
641 2771 758 2853 partim
793 2771 832 2833 ab
856 2769 995 2832 Homero
1031 2765 1147 2848 partim
1183 2786 1203 2827 a

86 2869 228 2952 Vergilio
243 2878 340 2953 poeta
356 2877 516 2935 mutuatus
532 2879 590 2935 est.
629 2871 764 2951 Singula
779 2873 949 2954 praeterea
969 2868 1010 2932 ad
1027 2868 1202 2950 imaginem

89 2973 180 3056 quasi
200 2972 428 3055 pertexendam
452 2971 571 3034 adiecit
593 2981 627 3035 ut
642 2973 857 3037 Hannibalem
874 2971 1011 3036 sollicite
1028 2957 1203 3052 degenere

89 3074 229 3139 vulneris
253 3074 468 3139 sciscitantem
496 3073 555 3156 (vs.
579 3075 641 3140 345
664 3072 747 3159 sqq.)
774 3084 806 3138 et
834 3074 940 3153 verba,
969 3073 1083 3155 quihus
1108 3069 1203 3154 Mago

91 3197 160 3240 eum
176 3178 359 3241 consolatur
373 3173 435 3255 (vs.
450 3175 527 3255 369)
547 3175 658 3240 dicens
674 3177 827 3259 optimum
845 3176 904 3240 sibi
921 3194 994 3240 esse
1017 3176 1203 3254 remedium,

91 3278 173 3362 quod
196 3278 288 3342 hoste
308 3276 474 3342 interfecto
497 3276 628 3358 gloriari
657 3279 767 3359 possit,
797 3287 829 3342 et
851 3279 911 3341 hoc
932 3279 1046 3360 pretio,
1076 3278 1104 3341 si
1127 3277 1203 3338 fatis

92 3380 283 3444 destinatum
305 3379 356 3451 sit.
380 3389 412 3443 et
426 3379 530 3460 ipsum
547 3378 588 3441 ad
604 3389 736 3443 mortem
752 3388 900 3463 paratum
917 3399 999 3445 esse.
1039 3379 1080 3442 Ut
1096 3386 1201 3439 autem

93 3481 163 3544 aliis
185 3482 285 3564 epicis
308 3481 429 3564 proprii
452 3481 564 3561 cuique
587 3479 703 3544 medici
724 3491 825 3560 erant,
859 3483 912 3562 qui
942 3482 1057 3544 heroas
1087 3496 1202 3559 aegros

95 3602 238 3664 epugna
262 3583 378 3647 relatos
400 3591 561 3658 sanarent,
586 3581 724 3645 Homero
742 3581 906 3661 Machaon,
929 3579 1072 3662 Vergilio
1088 3581 1203 3662 Japyx,

96 3684 193 3748 Statio
214 3684 338 3764 Idmon,
370 3685 423 3768 qrri
456 3683 488 3746 in
523 3683 597 3746 aula
624 3683 754 3747 Adrasti
784 3683 896 3768 Tydeo
924 3681 1031 3748 saucio
1059 3679 1203 3744 medetur

96 3785 204 3867 (Theb.
227 3787 284 3866 lli,
305 3785 400 3860 393),
433 3787 477 3850 ita
512 3785 595 3848 idem
629 3785 690 3850 hoc
721 3786 770 3849 ius
805 3786 865 3849 sibi
888 3785 987 3850 Silius
1016 3782 1203 3858 vindicavit,

198 4013 223 4082 t)
242 4013 274 4070 oi.
295 4013 354 4068 Val.
372 4011 458 4067 Flacc.
476 4011 524 4074 ΙΙΙ,
543 4012 597 4066 485
615 4029 672 4082 sqq.

196 4104 223 4170 2)
246 4101 278 4156 ci.
309 4102 442 4171 imprimis
470 4100 663 4155 Drakenborch
696 4101 730 4154 ed
760 4101 787 4154 h.
810 4101 827 4156 l.
866 4107 894 4153 et
918 4099 967 4167 ΙΙΙ,
997 4102 1058 4156 aba.
1088 4099 1203 4170 Rupert.
1316 4137 1320 4144 -

98 4192 129 4247 cd
146 4191 164 4257 l,
181 4193 241 4246 412.
