<?xml version="1.0" encoding="UTF-8"?>
<!DOCTYPE html PUBLIC "-//W3C//DTD XHTML 1.0 Transitional//EN"
    "http://www.w3.org/TR/xhtml1/DTD/xhtml1-transitional.dtd">
<html xmlns="http://www.w3.org/1999/xhtml" xml:lang="en" lang="en">
 <head>
  <title>
</title>
<meta http-equiv="Content-Type" content="text/html;charset=utf-8" />
  <meta name='ocr-system' content='tesseract 3.04.00' />
  <meta name='ocr-capabilities' content='ocr_page ocr_carea ocr_par ocr_line ocrx_word'/>
</head>
<body>
  <div class='ocr_page' id='page_1' title='image "./defidehistorica00schlgoog_0060.png"; bbox 0 0 2936 4718; ppageno 0'>
   <div class='ocr_carea' id='block_1_1' title="bbox 641 359 684 423">
    <p class='ocr_par' dir='ltr' id='par_1_1' title="bbox 641 359 684 423">
     <span class='ocr_line' id='line_1_1' title="bbox 641 359 684 423; baseline 0 0"><span class='ocrx_word' id='word_1_1' title='bbox 641 359 684 423; x_wconf 78' lang='lat' dir='ltr'><strong>ab</strong></span> 
     </span>
    </p>
   </div>
   <div class='ocr_carea' id='block_1_2' title="bbox 89 541 1223 2358">
    <p class='ocr_par' dir='ltr' id='par_1_2' title="bbox 89 541 1223 2358">
     <span class='ocr_line' id='line_1_2' title="bbox 89 541 1220 629; baseline -0.004 -21"><span class='ocrx_word' id='word_1_2' title='bbox 89 543 191 625; x_wconf 85' lang='lat' dir='ltr'><strong>ficut,</strong></span> <span class='ocrx_word' id='word_1_3' title='bbox 213 542 440 623; x_wconf 69' lang='lat' dir='ltr'><strong>gentilicium)</strong></span> <span class='ocrx_word' id='word_1_4' title='bbox 463 541 606 606; x_wconf 90' lang='lat' dir='ltr'><strong>eiusdem</strong></span> <span class='ocrx_word' id='word_1_5' title='bbox 630 542 701 607; x_wconf 94' lang='lat' dir='ltr'><strong>soni</strong></span> <span class='ocrx_word' id='word_1_6' title='bbox 724 541 916 629; x_wconf 72' lang='lat' dir='ltr'><strong>substituto)</strong></span> <span class='ocrx_word' id='word_1_7' title='bbox 938 541 1022 620; x_wconf 82' lang='lat' dir='ltr'><strong>Alia,</strong></span> <span class='ocrx_word' id='word_1_8' title='bbox 1043 550 1077 607; x_wconf 92' lang='lat' dir='ltr'><strong>ut</strong></span> <span class='ocrx_word' id='word_1_9' title='bbox 1093 542 1220 605; x_wconf 87' lang='lat' dir='ltr'><strong>brevem</strong></span> 
     </span>
     <span class='ocr_line' id='line_1_3' title="bbox 94 641 1222 728; baseline -0.004 -18"><span class='ocrx_word' id='word_1_10' title='bbox 94 647 283 711; x_wconf 89' lang='lat' dir='ltr'><strong>Poenorum</strong></span> <span class='ocrx_word' id='word_1_11' title='bbox 320 650 477 708; x_wconf 88' lang='lat' dir='ltr'><strong>staturam</strong></span> <span class='ocrx_word' id='word_1_12' title='bbox 512 643 573 726; x_wconf 86' lang='grc' dir='ltr'><strong>(νε.</strong></span> <span class='ocrx_word' id='word_1_13' title='bbox 596 643 673 728; x_wconf 87' lang='grc'><strong>232)</strong></span> <span class='ocrx_word' id='word_1_14' title='bbox 710 651 742 708; x_wconf 91' lang='lat' dir='ltr'><strong>et</strong></span> <span class='ocrx_word' id='word_1_15' title='bbox 769 643 888 710; x_wconf 82' lang='lat' dir='ltr'><strong>fascias</strong></span> <span class='ocrx_word' id='word_1_16' title='bbox 918 643 1090 709; x_wconf 83' lang='lat' dir='ltr'><strong>Nubiorum</strong></span> <span class='ocrx_word' id='word_1_17' title='bbox 1118 641 1222 706; x_wconf 90' lang='lat' dir='ltr'><strong>multi-</strong></span> 
     </span>
     <span class='ocr_line' id='line_1_4' title="bbox 102 743 1222 831; baseline -0.004 -20"><span class='ocrx_word' id='word_1_18' title='bbox 102 747 236 831; x_wconf 88' lang='lat' dir='ltr'><strong>pliciter</strong></span> <span class='ocrx_word' id='word_1_19' title='bbox 255 746 438 831; x_wconf 79' lang='lat' dir='ltr'><strong>Implicatas</strong></span> <span class='ocrx_word' id='word_1_20' title='bbox 460 746 520 830; x_wconf 99' lang='grc' dir='ltr'><strong>(νε.</strong></span> <span class='ocrx_word' id='word_1_21' title='bbox 545 747 630 830; x_wconf 85' lang='grc'><strong>271),</strong></span> <span class='ocrx_word' id='word_1_22' title='bbox 658 745 752 810; x_wconf 91' lang='lat' dir='ltr'><strong>testis</strong></span> <span class='ocrx_word' id='word_1_23' title='bbox 774 745 856 811; x_wconf 85' lang='lat' dir='ltr'><strong>forte</strong></span> <span class='ocrx_word' id='word_1_24' title='bbox 879 745 1025 810; x_wconf 87' lang='lat' dir='ltr'><strong>oculatus</strong></span> <span class='ocrx_word' id='word_1_25' title='bbox 1048 743 1222 820; x_wconf 82' lang='lat' dir='ltr'>enarravit,</span> 
     </span>
     <span class='ocr_line' id='line_1_5' title="bbox 97 845 1222 933; baseline -0.006 -19"><span class='ocrx_word' id='word_1_26' title='bbox 97 869 177 914; x_wconf 83' lang='lat' dir='ltr'><strong>cum</strong></span> <span class='ocrx_word' id='word_1_27' title='bbox 200 849 431 933; x_wconf 89' lang='lat' dir='ltr'><strong>imperatorum</strong></span> <span class='ocrx_word' id='word_1_28' title='bbox 463 856 624 931; x_wconf 87' lang='lat' dir='ltr'><strong>tempore,</strong></span> <span class='ocrx_word' id='word_1_29' title='bbox 658 866 720 931; x_wconf 89' lang='lat' dir='ltr'><strong>quo</strong></span> <span class='ocrx_word' id='word_1_30' title='bbox 753 857 844 911; x_wconf 88' lang='lat' dir='ltr'><strong>tanta</strong></span> <span class='ocrx_word' id='word_1_31' title='bbox 877 857 1056 913; x_wconf 85' lang='lat' dir='ltr'><strong>exterorum</strong></span> <span class='ocrx_word' id='word_1_32' title='bbox 1078 845 1222 928; x_wconf 82' lang='lat' dir='ltr'><strong>gentium</strong></span> 
     </span>
     <span class='ocr_line' id='line_1_6' title="bbox 97 947 1222 1035; baseline -0.006 -19"><span class='ocrx_word' id='word_1_33' title='bbox 97 950 271 1016; x_wconf 90' lang='lat' dir='ltr'><strong>multitudo</strong></span> <span class='ocrx_word' id='word_1_34' title='bbox 286 953 423 1016; x_wconf 87' lang='lat' dir='ltr'><strong>Romam</strong></span> <span class='ocrx_word' id='word_1_35' title='bbox 438 947 631 1035; x_wconf 65' lang='lat' dir='ltr'><strong>confluxitl)</strong></span> <span class='ocrx_word' id='word_1_36' title='bbox 654 953 741 1015; x_wconf 84' lang='lat' dir='ltr'><strong>certe</strong></span> <span class='ocrx_word' id='word_1_37' title='bbox 757 967 816 1013; x_wconf 90' lang='lat' dir='ltr'><strong>nec</strong></span> <span class='ocrx_word' id='word_1_38' title='bbox 832 949 902 1016; x_wconf 79' lang='lat' dir='ltr'><strong>Abi</strong></span> <span class='ocrx_word' id='word_1_39' title='bbox 917 967 990 1013; x_wconf 88' lang='lat' dir='ltr'><strong>raro</strong></span> <span class='ocrx_word' id='word_1_40' title='bbox 1007 954 1222 1012; x_wconf 88' lang='lat' dir='ltr'><strong>occurrerent.</strong></span> 
     </span>
     <span class='ocr_line' id='line_1_7' title="bbox 97 1047 1223 1135; baseline -0.005 -18"><span class='ocrx_word' id='word_1_41' title='bbox 97 1051 223 1117; x_wconf 79' lang='lat' dir='ltr'><strong>Contra</strong></span> <span class='ocrx_word' id='word_1_42' title='bbox 252 1052 285 1116; x_wconf 88' lang='lat' dir='ltr'><strong>iu</strong></span> <span class='ocrx_word' id='word_1_43' title='bbox 314 1051 537 1117; x_wconf 88' lang='lat' dir='ltr'><strong>describendis</strong></span> <span class='ocrx_word' id='word_1_44' title='bbox 560 1051 718 1135; x_wconf 80' lang='lat' dir='ltr'><strong>Hispania</strong></span> <span class='ocrx_word' id='word_1_45' title='bbox 751 1051 882 1132; x_wconf 87' lang='lat' dir='ltr'><strong>eiusque</strong></span> <span class='ocrx_word' id='word_1_46' title='bbox 915 1048 1030 1115; x_wconf 92' lang='lat' dir='ltr'><strong>inoolis</strong></span> <span class='ocrx_word' id='word_1_47' title='bbox 1063 1047 1123 1131; x_wconf 87' lang='grc' dir='ltr'><strong>(νε.</strong></span> <span class='ocrx_word' id='word_1_48' title='bbox 1147 1047 1223 1128; x_wconf 84' lang='grc'><strong>325)</strong></span> 
     </span>
     <span class='ocr_line' id='line_1_8' title="bbox 98 1149 1223 1236; baseline -0.004 -19"><span class='ocrx_word' id='word_1_49' title='bbox 98 1153 234 1236; x_wconf 87' lang='lat' dir='ltr'><strong>saepius</strong></span> <span class='ocrx_word' id='word_1_50' title='bbox 257 1154 417 1236; x_wconf 83' lang='lat' dir='ltr'><strong>Trogus</strong></span> <span class='ocrx_word' id='word_1_51' title='bbox 446 1153 476 1216; x_wconf 88' lang='lat' dir='ltr'><strong>ei</strong></span> <span class='ocrx_word' id='word_1_52' title='bbox 504 1160 580 1218; x_wconf 88' lang='lat' dir='ltr'><strong>ante</strong></span> <span class='ocrx_word' id='word_1_53' title='bbox 607 1154 718 1218; x_wconf 87' lang='lat' dir='ltr'><strong>oculos</strong></span> <span class='ocrx_word' id='word_1_54' title='bbox 741 1160 888 1217; x_wconf 86' lang='lat' dir='ltr'><strong>versatus</strong></span> <span class='ocrx_word' id='word_1_55' title='bbox 916 1158 981 1230; x_wconf 86' lang='lat' dir='ltr'><strong>est,</strong></span> <span class='ocrx_word' id='word_1_56' title='bbox 1015 1149 1100 1232; x_wconf 87' lang='lat' dir='ltr'><strong>quod</strong></span> <span class='ocrx_word' id='word_1_57' title='bbox 1122 1168 1223 1231; x_wconf 91' lang='lat' dir='ltr'><strong>usque</strong></span> 
     </span>
     <span class='ocr_line' id='line_1_9' title="bbox 95 1250 1223 1338; baseline -0.004 -19"><span class='ocrx_word' id='word_1_58' title='bbox 95 1255 208 1319; x_wconf 89' lang='lat' dir='ltr'><strong>adbuc</strong></span> <span class='ocrx_word' id='word_1_59' title='bbox 221 1255 362 1321; x_wconf 83' lang='lat' dir='ltr'><strong>editores</strong></span> <span class='ocrx_word' id='word_1_60' title='bbox 375 1255 466 1338; x_wconf 84' lang='lat' dir='ltr'><strong>sugit.</strong></span> <span class='ocrx_word' id='word_1_61' title='bbox 493 1255 574 1320; x_wconf 85' lang='lat' dir='ltr'><strong>Nam</strong></span> <span class='ocrx_word' id='word_1_62' title='bbox 592 1274 655 1319; x_wconf 94' lang='lat' dir='ltr'><strong>non</strong></span> <span class='ocrx_word' id='word_1_63' title='bbox 672 1255 766 1320; x_wconf 92' lang='lat' dir='ltr'><strong>modo</strong></span> <span class='ocrx_word' id='word_1_64' title='bbox 782 1257 961 1321; x_wconf 89' lang='lat' dir='ltr'><strong>ubertatem</strong></span> <span class='ocrx_word' id='word_1_65' title='bbox 975 1253 1042 1319; x_wconf 90' lang='lat' dir='ltr'><strong>vini</strong></span> <span class='ocrx_word' id='word_1_66' title='bbox 1062 1257 1125 1330; x_wconf 90' lang='grc' dir='ltr'><strong>(νε.</strong></span> <span class='ocrx_word' id='word_1_67' title='bbox 1136 1250 1223 1325; x_wconf 84' lang='grc'>370),</span> 
     </span>
     <span class='ocr_line' id='line_1_10' title="bbox 93 1354 1223 1443; baseline -0.007 -21"><span class='ocrx_word' id='word_1_68' title='bbox 93 1357 159 1422; x_wconf 90' lang='lat' dir='ltr'><strong>lini</strong></span> <span class='ocrx_word' id='word_1_69' title='bbox 184 1359 246 1442; x_wconf 89' lang='grc' dir='ltr'><strong>(νε.</strong></span> <span class='ocrx_word' id='word_1_70' title='bbox 262 1358 327 1423; x_wconf 82' lang='grc'><strong>374</strong></span> <span class='ocrx_word' id='word_1_71' title='bbox 338 1357 406 1443; x_wconf 85' lang='lat' dir='ltr'><strong>sq),</strong></span> <span class='ocrx_word' id='word_1_72' title='bbox 429 1358 500 1422; x_wconf 89' lang='lat' dir='ltr'><strong>auri</strong></span> <span class='ocrx_word' id='word_1_73' title='bbox 522 1358 586 1438; x_wconf 86' lang='lat' dir='ltr'><strong>(vs.</strong></span> <span class='ocrx_word' id='word_1_74' title='bbox 601 1357 687 1441; x_wconf 87' lang='lat'>401),</span> <span class='ocrx_word' id='word_1_75' title='bbox 711 1357 863 1422; x_wconf 83' lang='lat' dir='ltr'><strong>frumenti</strong></span> <span class='ocrx_word' id='word_1_76' title='bbox 885 1358 947 1442; x_wconf 91' lang='grc' dir='ltr'><strong>(νε.</strong></span> <span class='ocrx_word' id='word_1_77' title='bbox 962 1354 1049 1438; x_wconf 84' lang='lat'><strong>403),</strong></span> <span class='ocrx_word' id='word_1_78' title='bbox 1065 1354 1223 1419; x_wconf 81' lang='lat' dir='ltr'><strong>olivarum</strong></span> 
     </span>
     <span class='ocr_line' id='line_1_11' title="bbox 95 1449 1223 1544; baseline 0 -18"><span class='ocrx_word' id='word_1_79' title='bbox 95 1465 165 1538; x_wconf 87' lang='grc' dir='ltr'><strong>(νε.</strong></span> <span class='ocrx_word' id='word_1_80' title='bbox 199 1449 275 1544; x_wconf 85' lang='grc'><strong>405)</strong></span> <span class='ocrx_word' id='word_1_81' title='bbox 318 1461 467 1526; x_wconf 85' lang='lat' dir='ltr'><strong>lustinus</strong></span> <span class='ocrx_word' id='word_1_82' title='bbox 501 1468 669 1523; x_wconf 81' lang='lat' dir='ltr'><strong>enumerat</strong></span> <span class='ocrx_word' id='word_1_83' title='bbox 700 1459 816 1538; x_wconf 86' lang='lat' dir='ltr'><strong>XLIV,</strong></span> <span class='ocrx_word' id='word_1_84' title='bbox 851 1462 867 1524; x_wconf 94' lang='lat'>1</span> <span class='ocrx_word' id='word_1_85' title='bbox 901 1459 1047 1540; x_wconf 70' lang='lat'><strong>§5-73</strong></span> <span class='ocrx_word' id='word_1_86' title='bbox 1086 1460 1122 1536; x_wconf 81' lang='lat'><strong>3,</strong></span> <span class='ocrx_word' id='word_1_87' title='bbox 1151 1454 1223 1535; x_wconf 74' lang='lat' dir='ltr'><strong>§Ia</strong></span> 
     </span>
     <span class='ocr_line' id='line_1_12' title="bbox 101 1557 1223 1644; baseline -0.004 -17"><span class='ocrx_word' id='word_1_88' title='bbox 101 1563 283 1627; x_wconf 89' lang='lat' dir='ltr'><strong>sedetiam</strong></span> <span class='ocrx_word' id='word_1_89' title='bbox 307 1560 439 1625; x_wconf 90' lang='lat' dir='ltr'><strong>easdem</strong></span> <span class='ocrx_word' id='word_1_90' title='bbox 466 1561 695 1644; x_wconf 81' lang='lat' dir='ltr'><strong>propuletates,</strong></span> <span class='ocrx_word' id='word_1_91' title='bbox 717 1581 798 1643; x_wconf 92' lang='lat' dir='ltr'><strong>quas</strong></span> <span class='ocrx_word' id='word_1_92' title='bbox 822 1561 921 1627; x_wconf 84' lang='lat' dir='ltr'>Silius</span> <span class='ocrx_word' id='word_1_93' title='bbox 951 1560 1029 1625; x_wconf 91' lang='lat' dir='ltr'><strong>solis</strong></span> <span class='ocrx_word' id='word_1_94' title='bbox 1053 1557 1223 1625; x_wconf 78' lang='lat' dir='ltr'><strong>Cantabris</strong></span> 
     </span>
     <span class='ocr_line' id='line_1_13' title="bbox 98 1661 1223 1748; baseline -0.006 -19"><span class='ocrx_word' id='word_1_95' title='bbox 98 1667 165 1748; x_wconf 92' lang='grc' dir='ltr'><strong>(νε.</strong></span> <span class='ocrx_word' id='word_1_96' title='bbox 189 1663 372 1745; x_wconf 85' lang='grc'><strong>326-331)</strong></span> <span class='ocrx_word' id='word_1_97' title='bbox 400 1661 588 1745; x_wconf 79' lang='lat' dir='ltr'><strong>vindicavit,</strong></span> <span class='ocrx_word' id='word_1_98' title='bbox 617 1661 649 1726; x_wconf 93' lang='lat' dir='ltr'><strong>in</strong></span> <span class='ocrx_word' id='word_1_99' title='bbox 676 1664 862 1728; x_wconf 88' lang='lat' dir='ltr'><strong>universum</strong></span> <span class='ocrx_word' id='word_1_100' title='bbox 892 1663 1109 1746; x_wconf 83' lang='lat' dir='ltr'><strong>Hispanorum</strong></span> <span class='ocrx_word' id='word_1_101' title='bbox 1130 1677 1223 1744; x_wconf 86' lang='lat' dir='ltr'><strong>prae·</strong></span> 
     </span>
     <span class='ocr_line' id='line_1_14' title="bbox 97 1760 1223 1851; baseline -0.006 -20"><span class='ocrx_word' id='word_1_102' title='bbox 97 1768 216 1850; x_wconf 84' lang='lat' dir='ltr'><strong>eipuas</strong></span> <span class='ocrx_word' id='word_1_103' title='bbox 249 1784 323 1830; x_wconf 88' lang='lat' dir='ltr'><strong>esse</strong></span> <span class='ocrx_word' id='word_1_104' title='bbox 356 1765 402 1828; x_wconf 89' lang='lat' dir='ltr'><strong>ait</strong></span> <span class='ocrx_word' id='word_1_105' title='bbox 428 1763 447 1828; x_wconf 93' lang='lat' dir='ltr'><strong>l.</strong></span> <span class='ocrx_word' id='word_1_106' title='bbox 470 1763 490 1827; x_wconf 93' lang='lat' dir='ltr'><strong>l.</strong></span> <span class='ocrx_word' id='word_1_107' title='bbox 515 1783 538 1828; x_wconf 90' lang='lat' dir='ltr'><strong>c.</strong></span> <span class='ocrx_word' id='word_1_108' title='bbox 561 1765 581 1830; x_wconf 93' lang='grc'>2</span> <span class='ocrx_word' id='word_1_109' title='bbox 605 1763 662 1846; x_wconf 76' lang='lat'><strong>§1</strong></span> <span class='ocrx_word' id='word_1_110' title='bbox 693 1783 760 1848; x_wconf 91' lang='lat' dir='ltr'><strong>sqq.</strong></span> <span class='ocrx_word' id='word_1_111' title='bbox 795 1766 949 1851; x_wconf 77' lang='lat' dir='ltr'><strong>,Corpora</strong></span> <span class='ocrx_word' id='word_1_112' title='bbox 984 1766 1148 1832; x_wconf 89' lang='lat' dir='ltr'><strong>bominum</strong></span> <span class='ocrx_word' id='word_1_113' title='bbox 1182 1760 1223 1825; x_wconf 89' lang='lat' dir='ltr'><strong>ad</strong></span> 
     </span>
     <span class='ocr_line' id='line_1_15' title="bbox 99 1865 1223 1952; baseline -0.004 -21"><span class='ocrx_word' id='word_1_114' title='bbox 99 1869 247 1932; x_wconf 88' lang='lat' dir='ltr'><strong>inediam</strong></span> <span class='ocrx_word' id='word_1_115' title='bbox 279 1868 494 1948; x_wconf 72' lang='lat' dir='ltr'><strong>laboremque,</strong></span> <span class='ocrx_word' id='word_1_116' title='bbox 532 1865 631 1929; x_wconf 89' lang='lat' dir='ltr'><strong>animi</strong></span> <span class='ocrx_word' id='word_1_117' title='bbox 666 1866 707 1929; x_wconf 89' lang='lat' dir='ltr'><strong>ad</strong></span> <span class='ocrx_word' id='word_1_118' title='bbox 740 1876 874 1931; x_wconf 90' lang='lat' dir='ltr'><strong>mortem</strong></span> <span class='ocrx_word' id='word_1_119' title='bbox 904 1867 1046 1952; x_wconf 86' lang='lat' dir='ltr'><strong>parati.⁴)</strong></span> <span class='ocrx_word' id='word_1_120' title='bbox 1097 1865 1223 1930; x_wconf 90' lang='lat' dir='ltr'><strong>Bellum</strong></span> 
     </span>
     <span class='ocr_line' id='line_1_16' title="bbox 102 1966 1223 2053; baseline -0.003 -20"><span class='ocrx_word' id='word_1_121' title='bbox 102 1990 202 2053; x_wconf 91' lang='lat' dir='ltr'><strong>quam</strong></span> <span class='ocrx_word' id='word_1_122' title='bbox 226 1968 322 2034; x_wconf 92' lang='lat' dir='ltr'><strong>otium</strong></span> <span class='ocrx_word' id='word_1_123' title='bbox 353 1966 503 2050; x_wconf 72' lang='lat' dir='ltr'><strong>maluntl)</strong></span> <span class='ocrx_word' id='word_1_124' title='bbox 520 2015 527 2031; x_wconf 91' lang='lat'><strong>.</strong></span> <span class='ocrx_word' id='word_1_125' title='bbox 544 2015 575 2031; x_wconf 91' lang='lat'><strong>..</strong></span> <span class='ocrx_word' id='word_1_126' title='bbox 610 1967 756 2050; x_wconf 91' lang='lat' dir='ltr'><strong>plurimis</strong></span> <span class='ocrx_word' id='word_1_127' title='bbox 787 1988 877 2032; x_wconf 86' lang='lat' dir='ltr'><strong>arma</strong></span> <span class='ocrx_word' id='word_1_128' title='bbox 899 1971 1059 2052; x_wconf 83' lang='lat' dir='ltr'><strong>sanguine</strong></span> <span class='ocrx_word' id='word_1_129' title='bbox 1082 1969 1223 2052; x_wconf 88' lang='lat' dir='ltr'><strong>ipeorum</strong></span> 
     </span>
     <span class='ocr_line' id='line_1_17' title="bbox 104 2068 1222 2153; baseline -0.004 -18"><span class='ocrx_word' id='word_1_130' title='bbox 104 2072 254 2152; x_wconf 82' lang='lat' dir='ltr'><strong>cariora&#39;3</strong></span> <span class='ocrx_word' id='word_1_131' title='bbox 286 2069 388 2149; x_wconf 91' lang='lat' dir='ltr'><strong>idem,</strong></span> <span class='ocrx_word' id='word_1_132' title='bbox 412 2069 496 2151; x_wconf 92' lang='lat' dir='ltr'><strong>quod</strong></span> <span class='ocrx_word' id='word_1_133' title='bbox 519 2068 619 2134; x_wconf 80' lang='lat' dir='ltr'><strong>Silius</strong></span> <span class='ocrx_word' id='word_1_134' title='bbox 649 2088 714 2134; x_wconf 90' lang='grc' dir='ltr'><strong>νεε.</strong></span> <span class='ocrx_word' id='word_1_135' title='bbox 738 2069 802 2136; x_wconf 84' lang='lat'><strong>350</strong></span> <span class='ocrx_word' id='word_1_136' title='bbox 828 2090 895 2153; x_wconf 90' lang='lat' dir='ltr'><strong>sqq.</strong></span> <span class='ocrx_word' id='word_1_137' title='bbox 930 2070 970 2135; x_wconf 92' lang='lat' dir='ltr'><strong>de</strong></span> <span class='ocrx_word' id='word_1_138' title='bbox 999 2070 1222 2136; x_wconf 78' lang='lat' dir='ltr'><strong>Gallaeoorum</strong></span> 
     </span>
     <span class='ocr_line' id='line_1_18' title="bbox 104 2171 1223 2254; baseline -0.003 -17"><span class='ocrx_word' id='word_1_139' title='bbox 104 2172 291 2238; x_wconf 91' lang='lat' dir='ltr'><strong>mulieribus</strong></span> <span class='ocrx_word' id='word_1_140' title='bbox 325 2172 413 2254; x_wconf 89' lang='lat' dir='ltr'><strong>dicit,</strong></span> <span class='ocrx_word' id='word_1_141' title='bbox 446 2191 472 2236; x_wconf 91' lang='lat' dir='ltr'><strong>c.</strong></span> <span class='ocrx_word' id='word_1_142' title='bbox 495 2173 516 2237; x_wconf 84' lang='lat'><strong>3</strong></span> <span class='ocrx_word' id='word_1_143' title='bbox 537 2171 597 2254; x_wconf 72' lang='lat'><strong>§7</strong></span> <span class='ocrx_word' id='word_1_144' title='bbox 627 2171 678 2236; x_wconf 90' lang='lat' dir='ltr'><strong>his</strong></span> <span class='ocrx_word' id='word_1_145' title='bbox 706 2172 813 2237; x_wconf 84' lang='lat' dir='ltr'><strong>verbis</strong></span> <span class='ocrx_word' id='word_1_146' title='bbox 842 2171 941 2238; x_wconf 80' lang='lat' dir='ltr'><strong>refert</strong></span> <span class='ocrx_word' id='word_1_147' title='bbox 972 2172 1136 2250; x_wconf 79' lang='lat' dir='ltr'><strong>,Feminae</strong></span> <span class='ocrx_word' id='word_1_148' title='bbox 1171 2189 1223 2234; x_wconf 89' lang='lat' dir='ltr'><strong>res</strong></span> 
     </span>
     <span class='ocr_line' id='line_1_19' title="bbox 100 2273 1223 2358; baseline -0.004 -18"><span class='ocrx_word' id='word_1_149' title='bbox 100 2275 299 2340; x_wconf 86' lang='lat' dir='ltr'><strong>domesticas</strong></span> <span class='ocrx_word' id='word_1_150' title='bbox 329 2292 542 2356; x_wconf 84' lang='lat' dir='ltr'><strong>agrorumque</strong></span> <span class='ocrx_word' id='word_1_151' title='bbox 565 2273 706 2339; x_wconf 89' lang='lat' dir='ltr'><strong>culturas</strong></span> <span class='ocrx_word' id='word_1_152' title='bbox 730 2273 967 2358; x_wconf 89' lang='lat' dir='ltr'><strong>administrant,</strong></span> <span class='ocrx_word' id='word_1_153' title='bbox 990 2275 1054 2358; x_wconf 90' lang='lat' dir='ltr'><strong>ipsi</strong></span> <span class='ocrx_word' id='word_1_154' title='bbox 1076 2273 1175 2338; x_wconf 90' lang='lat' dir='ltr'><strong>armis</strong></span> <span class='ocrx_word' id='word_1_155' title='bbox 1192 2279 1223 2336; x_wconf 91' lang='lat' dir='ltr'><strong>et</strong></span> 
     </span>
    </p>
   </div>
   <div class='ocr_carea' id='block_1_3' title="bbox 98 2361 1225 2663">
    <p class='ocr_par' dir='ltr' id='par_1_3' title="bbox 98 2361 1225 2663">
     <span class='ocr_line' id='line_1_20' title="bbox 101 2361 1223 2460; baseline -0.002 -19"><span class='ocrx_word' id='word_1_156' title='bbox 101 2377 228 2460; x_wconf 84' lang='lat' dir='ltr'><strong>rapinis</strong></span> <span class='ocrx_word' id='word_1_157' title='bbox 251 2376 410 2456; x_wconf 88' lang='lat' dir='ltr'><strong>serviunt,&#39;</strong></span> <span class='ocrx_word' id='word_1_158' title='bbox 439 2394 573 2458; x_wconf 87' lang='lat' dir='ltr'><strong>quorum</strong></span> <span class='ocrx_word' id='word_1_159' title='bbox 597 2376 707 2441; x_wconf 88' lang='lat' dir='ltr'><strong>ultima</strong></span> <span class='ocrx_word' id='word_1_160' title='bbox 729 2395 806 2459; x_wconf 86' lang='lat' dir='ltr'><strong>pars</strong></span> <span class='ocrx_word' id='word_1_161' title='bbox 834 2397 943 2443; x_wconf 91' lang='lat' dir='ltr'><strong>rursus</strong></span> <span class='ocrx_word' id='word_1_162' title='bbox 967 2376 1081 2442; x_wconf 84' lang='lat' dir='ltr'><strong>alludit</strong></span> <span class='ocrx_word' id='word_1_163' title='bbox 1109 2361 1150 2440; x_wconf 89' lang='lat' dir='ltr'><strong>ad</strong></span> <span class='ocrx_word' id='word_1_164' title='bbox 1174 2375 1223 2442; x_wconf 85' lang='lat' dir='ltr'><strong>Si·</strong></span> 
     </span>
     <span class='ocr_line' id='line_1_21' title="bbox 98 2477 1224 2563; baseline 0.002 -20"><span class='ocrx_word' id='word_1_165' title='bbox 98 2480 226 2544; x_wconf 89' lang='lat' dir='ltr'><strong>lianum</strong></span> <span class='ocrx_word' id='word_1_166' title='bbox 250 2478 311 2556; x_wconf 87' lang='lat' dir='ltr'><strong>,vis</strong></span> <span class='ocrx_word' id='word_1_167' title='bbox 334 2487 489 2562; x_wconf 90' lang='lat' dir='ltr'><strong>raptaque</strong></span> <span class='ocrx_word' id='word_1_168' title='bbox 511 2480 657 2561; x_wconf 87' lang='lat' dir='ltr'><strong>pascunt’</strong></span> <span class='ocrx_word' id='word_1_169' title='bbox 687 2478 748 2563; x_wconf 90' lang='grc' dir='ltr'><strong>(νε.</strong></span> <span class='ocrx_word' id='word_1_170' title='bbox 772 2477 865 2563; x_wconf 84' lang='grc'>390);</span> <span class='ocrx_word' id='word_1_171' title='bbox 896 2488 930 2544; x_wconf 91' lang='lat' dir='ltr'><strong>ut</strong></span> <span class='ocrx_word' id='word_1_172' title='bbox 952 2480 1053 2547; x_wconf 82' lang='lat' dir='ltr'><strong>Silius</strong></span> <span class='ocrx_word' id='word_1_173' title='bbox 1081 2499 1127 2544; x_wconf 93' lang='grc' dir='ltr'><strong>νε.</strong></span> <span class='ocrx_word' id='word_1_174' title='bbox 1151 2479 1224 2560; x_wconf 84' lang='grc'><strong>368,</strong></span> 
     </span>
     <span class='ocr_line' id='line_1_22' title="bbox 102 2580 1225 2663; baseline 0 -18"><span class='ocrx_word' id='word_1_175' title='bbox 102 2583 152 2646; x_wconf 84' lang='lat' dir='ltr'><strong>sic</strong></span> <span class='ocrx_word' id='word_1_176' title='bbox 183 2600 210 2645; x_wconf 89' lang='lat' dir='ltr'><strong>e.</strong></span> <span class='ocrx_word' id='word_1_177' title='bbox 234 2580 255 2644; x_wconf 86' lang='lat'><strong>3</strong></span> <span class='ocrx_word' id='word_1_178' title='bbox 276 2580 336 2663; x_wconf 69' lang='lat'><strong>§2</strong></span> <span class='ocrx_word' id='word_1_179' title='bbox 364 2580 522 2644; x_wconf 84' lang='lat' dir='ltr'><strong>Teucrum</strong></span> <span class='ocrx_word' id='word_1_180' title='bbox 552 2580 757 2661; x_wconf 85' lang='lat' dir='ltr'><strong>Carthaginis</strong></span> <span class='ocrx_word' id='word_1_181' title='bbox 780 2581 893 2646; x_wconf 87' lang='lat' dir='ltr'><strong>Novae</strong></span> <span class='ocrx_word' id='word_1_182' title='bbox 922 2581 1117 2646; x_wconf 86' lang='lat' dir='ltr'><strong>conditorem</strong></span> <span class='ocrx_word' id='word_1_183' title='bbox 1146 2581 1225 2645; x_wconf 82' lang='lat' dir='ltr'><strong>lacit</strong></span> 
     </span>
    </p>
   </div>
   <div class='ocr_carea' id='block_1_4' title="bbox 102 2742 319 2751">
    <p class='ocr_par' dir='ltr' id='par_1_4' title="bbox 102 2742 319 2751">
     <span class='ocr_line' id='line_1_23' title="bbox 102 2742 319 2751; baseline -0.014 0"><span class='ocrx_word' id='word_1_184' title='bbox 102 2742 319 2751; x_wconf 80' lang='lat'><strong>—..--——-</strong></span> 
     </span>
    </p>
   </div>
   <div class='ocr_carea' id='block_1_5' title="bbox 102 2805 1227 4301">
    <p class='ocr_par' dir='ltr' id='par_1_5' title="bbox 102 2805 1227 3132">
     <span class='ocr_line' id='line_1_24' title="bbox 212 2805 1225 2876; baseline 0.003 -14"><span class='ocrx_word' id='word_1_185' title='bbox 212 2808 240 2876; x_wconf 89' lang='lat'><strong>1)</strong></span> <span class='ocrx_word' id='word_1_186' title='bbox 271 2805 373 2862; x_wconf 84' lang='lat' dir='ltr'><strong>Eadem</strong></span> <span class='ocrx_word' id='word_1_187' title='bbox 405 2806 526 2860; x_wconf 90' lang='lat' dir='ltr'><strong>notionis</strong></span> <span class='ocrx_word' id='word_1_188' title='bbox 556 2807 689 2861; x_wconf 81' lang='lat' dir='ltr'><strong>varietate</strong></span> <span class='ocrx_word' id='word_1_189' title='bbox 712 2807 860 2876; x_wconf 81' lang='lat' dir='ltr'><strong>,puniceus&#39;</strong></span> <span class='ocrx_word' id='word_1_190' title='bbox 893 2808 1054 2874; x_wconf 84' lang='lat' dir='ltr'><strong>usurpatur,</strong></span> <span class='ocrx_word' id='word_1_191' title='bbox 1086 2807 1155 2875; x_wconf 93' lang='lat' dir='ltr'><strong>quod</strong></span> <span class='ocrx_word' id='word_1_192' title='bbox 1174 2807 1225 2865; x_wconf 90' lang='grc' dir='ltr'><strong>Ον.</strong></span> 
     </span>
     <span class='ocr_line' id='line_1_25' title="bbox 102 2892 1227 2965; baseline 0.001 -14"><span class='ocrx_word' id='word_1_193' title='bbox 102 2897 144 2951; x_wconf 94' lang='lat' dir='ltr'><strong>Ib.</strong></span> <span class='ocrx_word' id='word_1_194' title='bbox 164 2896 219 2951; x_wconf 84' lang='grc'><strong>280</strong></span> <span class='ocrx_word' id='word_1_195' title='bbox 236 2895 318 2953; x_wconf 83' lang='lat' dir='ltr'><strong>llIerlr.</strong></span> <span class='ocrx_word' id='word_1_196' title='bbox 337 2895 408 2949; x_wconf 87' lang='lat' dir='ltr'><strong>idem</strong></span> <span class='ocrx_word' id='word_1_197' title='bbox 426 2893 498 2949; x_wconf 85' lang='lat' dir='ltr'><strong>velet</strong></span> <span class='ocrx_word' id='word_1_198' title='bbox 516 2897 596 2964; x_wconf 89' lang='lat' dir='ltr'><strong>atque</strong></span> <span class='ocrx_word' id='word_1_199' title='bbox 615 2892 878 2964; x_wconf 81' lang='lat' dir='ltr'><strong>,Cartbagimensis&#39;,</strong></span> <span class='ocrx_word' id='word_1_200' title='bbox 898 2910 939 2965; x_wconf 86' lang='lat' dir='ltr'><strong>ap.</strong></span> <span class='ocrx_word' id='word_1_201' title='bbox 953 2894 1016 2951; x_wconf 81' lang='lat' dir='ltr'><strong>vu.</strong></span> <span class='ocrx_word' id='word_1_202' title='bbox 1028 2895 1117 2953; x_wconf 83' lang='lat' dir='ltr'><strong>ll&#39;lacc.</strong></span> <span class='ocrx_word' id='word_1_203' title='bbox 1131 2895 1154 2962; x_wconf 91' lang='lat'><strong>1,</strong></span> <span class='ocrx_word' id='word_1_204' title='bbox 1171 2895 1227 2952; x_wconf 78' lang='lat'><strong>384</strong></span> 
     </span>
     <span class='ocr_line' id='line_1_26' title="bbox 102 2983 1226 3051; baseline 0.002 -12"><span class='ocrx_word' id='word_1_205' title='bbox 102 2990 132 3039; x_wconf 90' lang='lat' dir='ltr'><strong>et</strong></span> <span class='ocrx_word' id='word_1_206' title='bbox 163 2985 230 3040; x_wconf 88' lang='lat' dir='ltr'><strong>ulios</strong></span> <span class='ocrx_word' id='word_1_207' title='bbox 260 2985 374 3038; x_wconf 89' lang='lat' dir='ltr'><strong>colorem</strong></span> <span class='ocrx_word' id='word_1_208' title='bbox 405 2983 517 3040; x_wconf 87' lang='lat' dir='ltr'><strong>iudicat.</strong></span> <span class='ocrx_word' id='word_1_209' title='bbox 555 2983 588 3039; x_wconf 88' lang='lat' dir='ltr'><strong>cf.</strong></span> <span class='ocrx_word' id='word_1_210' title='bbox 619 2988 761 3042; x_wconf 88' lang='lat' dir='ltr'><strong>comment.</strong></span> <span class='ocrx_word' id='word_1_211' title='bbox 792 2985 922 3039; x_wconf 79' lang='lat' dir='ltr'><strong>Barnous.</strong></span> <span class='ocrx_word' id='word_1_212' title='bbox 953 2985 982 3038; x_wconf 92' lang='lat' dir='ltr'><strong>in</strong></span> <span class='ocrx_word' id='word_1_213' title='bbox 1008 2984 1108 3040; x_wconf 84' lang='lat' dir='ltr'><strong>Lucan.</strong></span> <span class='ocrx_word' id='word_1_214' title='bbox 1125 2984 1147 3051; x_wconf 93' lang='lat'><strong>1,</strong></span> <span class='ocrx_word' id='word_1_215' title='bbox 1172 2986 1226 3041; x_wconf 90' lang='grc'><strong>214</strong></span> 
     </span>
     <span class='ocr_line' id='line_1_27' title="bbox 104 3071 279 3132; baseline 0.023 -5"><span class='ocrx_word' id='word_1_216' title='bbox 104 3074 146 3131; x_wconf 84' lang='lat' dir='ltr'><strong>ed.</strong></span> <span class='ocrx_word' id='word_1_217' title='bbox 166 3071 279 3132; x_wconf 81' lang='lat' dir='ltr'><strong>Usener.</strong></span> 
     </span>
    </p>

    <p class='ocr_par' dir='ltr' id='par_1_6' title="bbox 102 3161 1225 3589">
     <span class='ocr_line' id='line_1_28' title="bbox 212 3161 1225 3236; baseline 0 -19"><span class='ocrx_word' id='word_1_218' title='bbox 212 3161 241 3232; x_wconf 90' lang='grc'><strong>2)</strong></span> <span class='ocrx_word' id='word_1_219' title='bbox 261 3163 318 3216; x_wconf 88' lang='lat' dir='ltr'><strong>Hoc</strong></span> <span class='ocrx_word' id='word_1_220' title='bbox 341 3162 452 3232; x_wconf 89' lang='lat' dir='ltr'><strong>quidem</strong></span> <span class='ocrx_word' id='word_1_221' title='bbox 482 3163 538 3215; x_wconf 86' lang='lat' dir='ltr'><strong>reri</strong></span> <span class='ocrx_word' id='word_1_222' title='bbox 568 3161 684 3216; x_wconf 89' lang='lat' dir='ltr'><strong>similius</strong></span> <span class='ocrx_word' id='word_1_223' title='bbox 715 3178 774 3218; x_wconf 89' lang='lat' dir='ltr'><strong>esse</strong></span> <span class='ocrx_word' id='word_1_224' title='bbox 791 3167 859 3232; x_wconf 89' lang='lat' dir='ltr'><strong>puto</strong></span> <span class='ocrx_word' id='word_1_225' title='bbox 884 3180 973 3234; x_wconf 90' lang='lat' dir='ltr'><strong>quam,</strong></span> <span class='ocrx_word' id='word_1_226' title='bbox 997 3166 1069 3236; x_wconf 91' lang='lat' dir='ltr'><strong>quod</strong></span> <span class='ocrx_word' id='word_1_227' title='bbox 1094 3163 1225 3220; x_wconf 83' lang='lat' dir='ltr'><strong>Wenelins</strong></span> 
     </span>
     <span class='ocr_line' id='line_1_29' title="bbox 102 3247 1225 3325; baseline 0.004 -20"><span class='ocrx_word' id='word_1_228' title='bbox 102 3269 129 3322; x_wconf 87' lang='lat' dir='ltr'><strong>p.</strong></span> <span class='ocrx_word' id='word_1_229' title='bbox 150 3247 185 3306; x_wconf 77' lang='lat'><strong>73</strong></span> <span class='ocrx_word' id='word_1_230' title='bbox 209 3250 354 3315; x_wconf 77' lang='lat' dir='ltr'><strong>contendit,</strong></span> <span class='ocrx_word' id='word_1_231' title='bbox 385 3251 466 3305; x_wconf 89' lang='lat' dir='ltr'><strong>huius</strong></span> <span class='ocrx_word' id='word_1_232' title='bbox 490 3251 543 3304; x_wconf 90' lang='lat' dir='ltr'><strong>loci</strong></span> <span class='ocrx_word' id='word_1_233' title='bbox 567 3249 671 3306; x_wconf 83' lang='lat' dir='ltr'><strong>iontem</strong></span> <span class='ocrx_word' id='word_1_234' title='bbox 700 3269 760 3306; x_wconf 91' lang='lat' dir='ltr'><strong>esse</strong></span> <span class='ocrx_word' id='word_1_235' title='bbox 778 3251 930 3325; x_wconf 83' lang='lat' dir='ltr'><strong>Polybium,</strong></span> <span class='ocrx_word' id='word_1_236' title='bbox 963 3253 1009 3309; x_wconf 91' lang='lat' dir='ltr'><strong>nbi</strong></span> <span class='ocrx_word' id='word_1_237' title='bbox 1028 3254 1077 3320; x_wconf 90' lang='lat'><strong>111,</strong></span> <span class='ocrx_word' id='word_1_238' title='bbox 1102 3255 1155 3309; x_wconf 84' lang='lat'><strong>114</strong></span> <span class='ocrx_word' id='word_1_239' title='bbox 1173 3255 1225 3322; x_wconf 75' lang='lat'><strong>§4</strong></span> 
     </span>
     <span class='ocr_line' id='line_1_30' title="bbox 102 3336 1224 3411; baseline 0 -17"><span class='ocrx_word' id='word_1_240' title='bbox 102 3339 172 3394; x_wconf 65' lang='lat' dir='ltr'><strong>lavor</strong></span> <span class='ocrx_word' id='word_1_241' title='bbox 189 3336 435 3411; x_wconf 80' lang='grc' dir='ltr'><strong>περιπόρφυροι</strong></span> <span class='ocrx_word' id='word_1_242' title='bbox 451 3345 601 3406; x_wconf 62' lang='grc' dir='ltr'><strong>χιτωνίσκοι</strong></span> <span class='ocrx_word' id='word_1_243' title='bbox 619 3339 757 3395; x_wconf 85' lang='lat' dir='ltr'><strong>Iberorum</strong></span> <span class='ocrx_word' id='word_1_244' title='bbox 770 3346 1025 3400; x_wconf 71' lang='lat' dir='ltr'><strong>commemorantur.</strong></span> <span class='ocrx_word' id='word_1_245' title='bbox 1051 3343 1149 3411; x_wconf 80' lang='lat' dir='ltr'><strong>Neque</strong></span> <span class='ocrx_word' id='word_1_246' title='bbox 1162 3356 1224 3395; x_wconf 83' lang='lat' dir='ltr'><strong>vero</strong></span> 
     </span>
     <span class='ocr_line' id='line_1_31' title="bbox 105 3427 1225 3498; baseline 0.002 -15"><span class='ocrx_word' id='word_1_247' title='bbox 105 3429 200 3491; x_wconf 82' lang='lat' dir='ltr'><strong>Silius,</strong></span> <span class='ocrx_word' id='word_1_248' title='bbox 219 3431 252 3481; x_wconf 87' lang='lat' dir='ltr'><strong>ut</strong></span> <span class='ocrx_word' id='word_1_249' title='bbox 270 3445 317 3496; x_wconf 90' lang='lat' dir='ltr'><strong>per</strong></span> <span class='ocrx_word' id='word_1_250' title='bbox 335 3443 451 3482; x_wconf 89' lang='lat' dir='ltr'><strong>errorem</strong></span> <span class='ocrx_word' id='word_1_251' title='bbox 471 3427 570 3482; x_wconf 83' lang='lat' dir='ltr'><strong>statuit</strong></span> <span class='ocrx_word' id='word_1_252' title='bbox 589 3427 695 3492; x_wconf 81' lang='lat' dir='ltr'><strong>wezel,</strong></span> <span class='ocrx_word' id='word_1_253' title='bbox 724 3427 757 3484; x_wconf 91' lang='lat' dir='ltr'><strong>de</strong></span> <span class='ocrx_word' id='word_1_254' title='bbox 775 3429 864 3484; x_wconf 87' lang='lat' dir='ltr'><strong>Iberis</strong></span> <span class='ocrx_word' id='word_1_255' title='bbox 890 3431 956 3498; x_wconf 84' lang='lat' dir='ltr'><strong>agit,</strong></span> <span class='ocrx_word' id='word_1_256' title='bbox 986 3431 1034 3486; x_wconf 89' lang='lat' dir='ltr'><strong>sed</strong></span> <span class='ocrx_word' id='word_1_257' title='bbox 1057 3431 1090 3485; x_wconf 88' lang='lat' dir='ltr'><strong>de</strong></span> <span class='ocrx_word' id='word_1_258' title='bbox 1108 3430 1225 3485; x_wconf 80' lang='lat' dir='ltr'><strong>Cartha·</strong></span> 
     </span>
     <span class='ocr_line' id='line_1_32' title="bbox 104 3515 1001 3589; baseline 0.004 -18"><span class='ocrx_word' id='word_1_259' title='bbox 104 3517 284 3587; x_wconf 86' lang='lat' dir='ltr'><strong>giniensibus.</strong></span> <span class='ocrx_word' id='word_1_260' title='bbox 304 3515 339 3571; x_wconf 88' lang='lat' dir='ltr'><strong>cf.</strong></span> <span class='ocrx_word' id='word_1_261' title='bbox 358 3515 443 3573; x_wconf 87' lang='lat' dir='ltr'><strong>Blass.</strong></span> <span class='ocrx_word' id='word_1_262' title='bbox 463 3533 524 3573; x_wconf 89' lang='lat' dir='ltr'><strong>ann.</strong></span> <span class='ocrx_word' id='word_1_263' title='bbox 544 3516 674 3572; x_wconf 81' lang='lat' dir='ltr'><strong>Fleckeis.</strong></span> <span class='ocrx_word' id='word_1_264' title='bbox 693 3517 772 3586; x_wconf 78' lang='lat'>1874,</span> <span class='ocrx_word' id='word_1_265' title='bbox 791 3536 817 3589; x_wconf 91' lang='lat' dir='ltr'><strong>p.</strong></span> <span class='ocrx_word' id='word_1_266' title='bbox 835 3519 890 3574; x_wconf 87' lang='lat'><strong>484</strong></span> <span class='ocrx_word' id='word_1_267' title='bbox 909 3519 1001 3575; x_wconf 87' lang='lat' dir='ltr'><strong>adnot.</strong></span> 
     </span>
    </p>

    <p class='ocr_par' dir='ltr' id='par_1_7' title="bbox 104 3604 1226 3858">
     <span class='ocr_line' id='line_1_33' title="bbox 208 3604 1224 3678; baseline 0.007 -20"><span class='ocrx_word' id='word_1_268' title='bbox 208 3607 240 3670; x_wconf 88' lang='lat'><strong>·3)</strong></span> <span class='ocrx_word' id='word_1_269' title='bbox 265 3607 393 3659; x_wconf 87' lang='lat' dir='ltr'><strong>Lucanus</strong></span> <span class='ocrx_word' id='word_1_270' title='bbox 416 3604 440 3669; x_wconf 90' lang='grc' dir='ltr'><strong>Ι,</strong></span> <span class='ocrx_word' id='word_1_271' title='bbox 465 3606 516 3660; x_wconf 79' lang='grc'><strong>511</strong></span> <span class='ocrx_word' id='word_1_272' title='bbox 541 3605 653 3660; x_wconf 74' lang='grc' dir='ltr'><strong>Βοωεω</strong></span> <span class='ocrx_word' id='word_1_273' title='bbox 679 3608 801 3676; x_wconf 89' lang='lat' dir='ltr'><strong>appellat</strong></span> <span class='ocrx_word' id='word_1_274' title='bbox 826 3609 934 3674; x_wconf 87' lang='lat' dir='ltr'><strong>,Urbem</strong></span> <span class='ocrx_word' id='word_1_275' title='bbox 959 3608 1065 3678; x_wconf 88' lang='lat' dir='ltr'><strong>populis</strong></span> <span class='ocrx_word' id='word_1_276' title='bbox 1090 3608 1224 3678; x_wconf 87' lang='lat' dir='ltr'><strong>victisque</strong></span> 
     </span>
     <span class='ocr_line' id='line_1_34' title="bbox 104 3692 1226 3769; baseline 0.002 -19"><span class='ocrx_word' id='word_1_277' title='bbox 104 3696 274 3763; x_wconf 74' lang='lat' dir='ltr'><strong>frequentem</strong></span> <span class='ocrx_word' id='word_1_278' title='bbox 300 3692 434 3748; x_wconf 87' lang='lat' dir='ltr'><strong>Gentibus</strong></span> <span class='ocrx_word' id='word_1_279' title='bbox 465 3697 493 3747; x_wconf 86' lang='lat' dir='ltr'><strong>et</strong></span> <span class='ocrx_word' id='word_1_280' title='bbox 516 3695 639 3762; x_wconf 82' lang='lat' dir='ltr'><strong>generis,</strong></span> <span class='ocrx_word' id='word_1_281' title='bbox 671 3700 748 3749; x_wconf 87' lang='lat' dir='ltr'><strong>coeat</strong></span> <span class='ocrx_word' id='word_1_282' title='bbox 772 3697 796 3750; x_wconf 89' lang='lat' dir='ltr'><strong>si</strong></span> <span class='ocrx_word' id='word_1_283' title='bbox 819 3695 909 3769; x_wconf 87' lang='lat' dir='ltr'><strong>turba,</strong></span> <span class='ocrx_word' id='word_1_284' title='bbox 942 3713 1068 3766; x_wconf 86' lang='lat' dir='ltr'><strong>capacem</strong></span> <span class='ocrx_word' id='word_1_285' title='bbox 1088 3696 1226 3760; x_wconf 81' lang='lat' dir='ltr'><strong>Humani’.</strong></span> 
     </span>
     <span class='ocr_line' id='line_1_35' title="bbox 104 3779 1224 3858; baseline 0.005 -22"><span class='ocrx_word' id='word_1_286' title='bbox 104 3783 140 3836; x_wconf 83' lang='lat' dir='ltr'><strong>ci.</strong></span> <span class='ocrx_word' id='word_1_287' title='bbox 160 3783 243 3836; x_wconf 88' lang='lat' dir='ltr'><strong>etiam</strong></span> <span class='ocrx_word' id='word_1_288' title='bbox 263 3779 456 3836; x_wconf 77' lang='lat' dir='ltr'><strong>I&#39;rIedlaender</strong></span> <span class='ocrx_word' id='word_1_289' title='bbox 474 3781 564 3841; x_wconf 87' lang='lat' dir='ltr'><strong>Daret.</strong></span> <span class='ocrx_word' id='word_1_290' title='bbox 591 3799 639 3837; x_wconf 88' lang='lat' dir='ltr'><strong>aus</strong></span> <span class='ocrx_word' id='word_1_291' title='bbox 664 3782 689 3837; x_wconf 90' lang='lat' dir='ltr'><strong>d.</strong></span> <span class='ocrx_word' id='word_1_292' title='bbox 708 3783 892 3852; x_wconf 84' lang='lat' dir='ltr'><strong>Siltengesch.</strong></span> <span class='ocrx_word' id='word_1_293' title='bbox 911 3784 994 3840; x_wconf 84' lang='lat' dir='ltr'><strong>Rome</strong></span> <span class='ocrx_word' id='word_1_294' title='bbox 1012 3783 1038 3838; x_wconf 75' lang='lat'><strong>1²</strong></span> <span class='ocrx_word' id='word_1_295' title='bbox 1061 3804 1086 3857; x_wconf 89' lang='lat' dir='ltr'><strong>p.</strong></span> <span class='ocrx_word' id='word_1_296' title='bbox 1107 3786 1141 3840; x_wconf 89' lang='grc'><strong>21</strong></span> <span class='ocrx_word' id='word_1_297' title='bbox 1167 3803 1224 3858; x_wconf 89' lang='lat' dir='ltr'><strong>sqq.</strong></span> 
     </span>
    </p>

    <p class='ocr_par' dir='ltr' id='par_1_8' title="bbox 104 3869 1225 4107">
     <span class='ocr_line' id='line_1_36' title="bbox 212 3869 1225 3943; baseline 0.006 -19"><span class='ocrx_word' id='word_1_298' title='bbox 212 3870 240 3939; x_wconf 88' lang='grc'><strong>4)</strong></span> <span class='ocrx_word' id='word_1_299' title='bbox 259 3869 385 3925; x_wconf 85' lang='lat' dir='ltr'><strong>Lucanus</strong></span> <span class='ocrx_word' id='word_1_300' title='bbox 405 3871 437 3924; x_wconf 90' lang='lat' dir='ltr'><strong>de</strong></span> <span class='ocrx_word' id='word_1_301' title='bbox 457 3869 543 3928; x_wconf 81' lang='lat' dir='ltr'><strong>Galba</strong></span> <span class='ocrx_word' id='word_1_302' title='bbox 562 3871 584 3935; x_wconf 93' lang='lat'><strong>1,</strong></span> <span class='ocrx_word' id='word_1_303' title='bbox 608 3873 662 3928; x_wconf 88' lang='grc'><strong>460</strong></span> <span class='ocrx_word' id='word_1_304' title='bbox 687 3889 745 3943; x_wconf 88' lang='lat' dir='ltr'><strong>sqq.</strong></span> <span class='ocrx_word' id='word_1_305' title='bbox 765 3873 838 3940; x_wconf 89' lang='lat' dir='ltr'><strong>,Inde</strong></span> <span class='ocrx_word' id='word_1_306' title='bbox 856 3873 955 3928; x_wconf 88' lang='lat' dir='ltr'><strong>ruendi</strong></span> <span class='ocrx_word' id='word_1_307' title='bbox 973 3879 1004 3929; x_wconf 92' lang='lat' dir='ltr'><strong>In</strong></span> <span class='ocrx_word' id='word_1_308' title='bbox 1023 3875 1124 3930; x_wconf 81' lang='lat' dir='ltr'><strong>ferrum</strong></span> <span class='ocrx_word' id='word_1_309' title='bbox 1149 3891 1225 3930; x_wconf 89' lang='lat' dir='ltr'><strong>mens</strong></span> 
     </span>
     <span class='ocr_line' id='line_1_37' title="bbox 104 3951 1224 4034; baseline 0.005 -22"><span class='ocrx_word' id='word_1_310' title='bbox 104 3951 191 4030; x_wconf 83' lang='lat' dir='ltr'><strong>prona</strong></span> <span class='ocrx_word' id='word_1_311' title='bbox 209 3961 275 4014; x_wconf 84' lang='lat' dir='ltr'><strong>viris</strong></span> <span class='ocrx_word' id='word_1_312' title='bbox 294 3961 452 4032; x_wconf 84' lang='lat' dir='ltr'><strong>animaeque</strong></span> <span class='ocrx_word' id='word_1_313' title='bbox 477 3975 590 4030; x_wconf 86' lang='lat' dir='ltr'><strong>capaces</strong></span> <span class='ocrx_word' id='word_1_314' title='bbox 614 3961 724 4018; x_wconf 85' lang='lat' dir='ltr'><strong>Mortis:</strong></span> <span class='ocrx_word' id='word_1_315' title='bbox 751 3965 779 4015; x_wconf 89' lang='lat' dir='ltr'><strong>et</strong></span> <span class='ocrx_word' id='word_1_316' title='bbox 802 3963 932 4032; x_wconf 80' lang='lat' dir='ltr'><strong>ignavum</strong></span> <span class='ocrx_word' id='word_1_317' title='bbox 956 3963 1095 4019; x_wconf 87' lang='lat' dir='ltr'><strong>rediturae</strong></span> <span class='ocrx_word' id='word_1_318' title='bbox 1113 3980 1224 4034; x_wconf 83' lang='lat' dir='ltr'><strong>parcere</strong></span> 
     </span>
     <span class='ocr_line' id='line_1_38' title="bbox 105 4048 1079 4107; baseline 0.006 -5"><span class='ocrx_word' id='word_1_319' title='bbox 105 4048 193 4107; x_wconf 83' lang='lat' dir='ltr'><strong>vitae&#39;.</strong></span> <span class='ocrx_word' id='word_1_320' title='bbox 1077 4053 1079 4060; x_wconf 59' lang='lat'><strong>⁴</strong></span> 
     </span>
    </p>

    <p class='ocr_par' dir='ltr' id='par_1_9' title="bbox 106 4133 1225 4301">
     <span class='ocr_line' id='line_1_39' title="bbox 213 4133 1225 4212; baseline 0.004 -20"><span class='ocrx_word' id='word_1_321' title='bbox 213 4136 240 4207; x_wconf 85' lang='grc'><strong>5)</strong></span> <span class='ocrx_word' id='word_1_322' title='bbox 260 4137 294 4191; x_wconf 89' lang='lat' dir='ltr'><strong>of.</strong></span> <span class='ocrx_word' id='word_1_323' title='bbox 313 4136 396 4190; x_wconf 85' lang='lat' dir='ltr'><strong>etiam</strong></span> <span class='ocrx_word' id='word_1_324' title='bbox 415 4137 510 4192; x_wconf 79' lang='lat' dir='ltr'><strong>Florus</strong></span> <span class='ocrx_word' id='word_1_325' title='bbox 529 4137 551 4203; x_wconf 91' lang='grc' dir='ltr'><strong>Ι,</strong></span> <span class='ocrx_word' id='word_1_326' title='bbox 564 4137 607 4204; x_wconf 89' lang='grc'><strong>22,</strong></span> <span class='ocrx_word' id='word_1_327' title='bbox 626 4133 694 4212; x_wconf 77' lang='lat'><strong>§38</strong></span> <span class='ocrx_word' id='word_1_328' title='bbox 714 4140 890 4211; x_wconf 84' lang='lat' dir='ltr'><strong>‚bellatricem</strong></span> <span class='ocrx_word' id='word_1_329' title='bbox 907 4139 985 4195; x_wconf 84' lang='lat' dir='ltr'><strong>illum</strong></span> <span class='ocrx_word' id='word_1_330' title='bbox 1003 4142 1070 4196; x_wconf 87' lang='lat' dir='ltr'><strong>viris</strong></span> <span class='ocrx_word' id='word_1_331' title='bbox 1090 4143 1225 4212; x_wconf 85' lang='lat' dir='ltr'><strong>amnisque</strong></span> 
     </span>
     <span class='ocr_line' id='line_1_40' title="bbox 106 4223 1043 4301; baseline 0.01 -23"><span class='ocrx_word' id='word_1_332' title='bbox 106 4225 225 4279; x_wconf 88' lang='lat' dir='ltr'><strong>nobilem</strong></span> <span class='ocrx_word' id='word_1_333' title='bbox 245 4223 425 4295; x_wconf 86' lang='lat' dir='ltr'><strong>Hispaniam’3</strong></span> <span class='ocrx_word' id='word_1_334' title='bbox 445 4229 472 4280; x_wconf 87' lang='lat' dir='ltr'><strong>et</strong></span> <span class='ocrx_word' id='word_1_335' title='bbox 490 4227 548 4284; x_wconf 83' lang='lat' dir='ltr'><strong>LIr.</strong></span> <span class='ocrx_word' id='word_1_336' title='bbox 566 4227 667 4301; x_wconf 85' lang='lat' dir='ltr'><strong>XXIII,</strong></span> <span class='ocrx_word' id='word_1_337' title='bbox 686 4229 730 4294; x_wconf 81' lang='lat'><strong>49,</strong></span> <span class='ocrx_word' id='word_1_338' title='bbox 750 4229 827 4297; x_wconf 67' lang='lat'><strong>512.</strong></span> <span class='ocrx_word' id='word_1_339' title='bbox 866 4228 913 4284; x_wconf 83' lang='lat' dir='ltr'><strong>Sil.</strong></span> <span class='ocrx_word' id='word_1_340' title='bbox 932 4229 963 4296; x_wconf 89' lang='lat' dir='ltr'><strong>V,</strong></span> <span class='ocrx_word' id='word_1_341' title='bbox 983 4229 1043 4286; x_wconf 77' lang='lat'><strong>195.</strong></span> 
     </span>
    </p>
   </div>
   <div class='ocr_carea' id='block_1_6' title="bbox 0 0 1479 4718">
    <p class='ocr_par' dir='ltr' id='par_1_10' title="bbox 0 0 1479 4718">
     <span class='ocr_line' id='line_1_41' title="bbox 0 0 1479 4718; baseline 0 0"><span class='ocrx_word' id='word_1_342' title='bbox 0 0 1479 4718; x_wconf 95' lang='lat' dir='ltr'><strong> </strong></span> 
     </span>
    </p>
   </div>
  </div>
 </body>
</html>
