2908 4724
786 287 826 354 lo

248 469 337 534 nullo
370 470 465 536 modo
498 471 648 556 cogimur.
693 472 813 536 Poetae
849 471 955 555 potius
989 471 1159 537 Herculem
1189 471 1384 554 aliquando

248 571 349 654 Alpes
372 581 609 656 transgressum
631 592 729 638 nosse
752 581 803 638 sat
824 572 933 659 erat.¹)
976 572 1066 655 inde,
1088 580 1124 636 nt
1144 573 1264 657 partim
1288 573 1384 638 Poe·

247 692 360 737 norum
388 673 613 758 imperatorem
643 661 773 738 heroica
794 674 886 756 quasi
917 675 1025 757 specie
1053 672 1211 756 indueret,
1249 676 1386 760 partim

248 774 417 839 audaciam
451 776 520 841 eius
552 776 683 841 modum
716 775 891 841 humanum
923 776 1079 841 excedere
1110 785 1143 841 et
1169 780 1260 860 ipsos
1291 777 1387 842 deos
1439 845 1440 850 ,

250 876 368 940 iniuria
390 875 520 943 afficere
543 877 735 959 ostenderet,
773 877 812 941 ab
840 876 988 942 Herculis
1010 878 1206 960 temporibus
1227 879 1389 944 neminis
1439 883 1440 886 ’

249 975 384 1058 gradum
418 977 490 1044 illos
528 987 653 1043 montes
685 977 834 1061 tetigisse
867 977 963 1042 facile
996 978 1133 1044 effinxit.
1177 979 1219 1045 Et
1246 991 1387 1064 quanto

249 1078 355 1142 studio
379 1079 478 1147 Silius
501 1079 690 1164 religionem
714 1080 753 1145 ab
776 1080 959 1144 Hannibale
982 1080 1107 1145 nefarie
1137 1081 1261 1145 laesam
1296 1101 1389 1146 esse

248 1179 410 1246 inculcare
432 1181 579 1260 voluerit,
603 1201 620 1246 e
644 1182 790 1247 versibus
810 1183 874 1249 513
896 1201 965 1265 sqq.
988 1181 1104 1258 elucet,
1132 1182 1186 1247 ubi
1216 1182 1389 1248 ferociter

249 1291 281 1346 et
314 1283 412 1364 impie
441 1303 514 1348 eum
547 1283 681 1348 iussisse
714 1283 839 1348 scribit:
873 1302 914 1347 ne
954 1283 1074 1348 milites
1107 1293 1184 1349 nota
1217 1284 1389 1350 Herculis

249 1383 375 1474 semita,
408 1385 465 1450 sed
496 1406 554 1449 sua
584 1384 781 1450 incederent.
826 1383 916 1462 Quae
949 1403 1019 1450 cum
1050 1386 1096 1448 ita
1129 1386 1205 1465 sint,
1238 1395 1387 1468 poetam

250 1482 348 1549 duces
381 1485 517 1569 itineris,
551 1506 631 1568 quos
664 1485 817 1571 Polybius
851 1486 911 1568 111,
943 1486 987 1552 50
1012 1487 1030 1570 ᾖ
1051 1487 1072 1551 6
1094 1496 1127 1551 et
1148 1486 1260 1552 Livius
1285 1487 1386 1562 XXI,
1440 1485 1441 1566 3

250 1605 277 1650 c.
300 1585 342 1651 35
363 1589 383 1666 ξ
404 1589 426 1652 4
448 1594 698 1653 commemorant
720 1607 779 1652 nec
802 1585 901 1652 Silius
924 1587 1135 1671 Heynachcro
1158 1589 1266 1652 iudice
1284 1589 1325 1674 (l.
1346 1591 1386 1672 l.)

249 1687 394 1752 omittere
405 1689 572 1772 potuisset,
585 1691 613 1754 si
622 1691 759 1756 cundem
774 1688 895 1754 fontem
907 1696 1034 1754 secutus
1047 1697 1143 1766 esset,
1155 1689 1266 1771 utique
1279 1711 1385 1774 prae·

248 1789 345 1853 tenire
361 1790 510 1858 debuisse
522 1812 616 1858 nemo
629 1812 692 1856 non
708 1791 806 1857 videt.
835 1790 919 1856 Nam
935 1788 963 1852 si
978 1808 1034 1854 eos
1049 1789 1244 1874 retinuisset,
1256 1791 1296 1856 in
1313 1813 1385 1857 me·

249 1909 302 1955 ras
325 1892 463 1975 ineptias
486 1894 661 1974 incidisset,
678 1913 750 1957 cum
763 1891 954 1976 praesertim
966 1889 1115 1970 fictionis,
1130 1903 1166 1957 ut
1186 1895 1231 1958 ita
1252 1893 1384 1977 dicam,

252 1993 380 2072 nebula,
398 2014 480 2076 quae
498 1995 625 2061 lectoris
638 1996 740 2060 oculis
760 1992 897 2058 obducta
913 2001 973 2072 est,
995 1993 1060 2058 iam
1083 1996 1215 2076 proeliis
1237 1995 1272 2058 in
1302 1996 1384 2080 iugo

251 2093 382 2178 Alpium
409 2117 480 2162 cum
515 2097 657 2163 barbaris
685 2096 780 2160 factis
811 2095 1002 2176 (dequibus
1027 2096 1127 2172 inira)
1158 2096 1383 2162 discindatur.

358 2199 572 2265 Allocutionis
595 2199 744 2282 cogitata,
773 2216 836 2280 qua
858 2196 1020 2262 Hannibal
1046 2199 1284 2264 multitudinem
1320 2220 1383 2283 pa·

251 2299 409 2384 ventem²l
424 2302 612 2366 adhortatur
633 2308 665 2364 et
679 2297 827 2365 accendit
842 2297 900 2381 (rs.
918 2298 1100 2385 503-511)
1115 2321 1133 2366 e
1148 2301 1242 2366 dictis
1257 2301 1385 2382 variis,

253 2419 336 2482 qnae
350 2401 462 2466 Livius
478 2411 510 2466 et
521 2401 673 2482 Polybius
686 2399 1001 2482 Carthaginiensium
1015 2402 1202 2485 imperatori
1217 2401 1385 2485 tribuunt,

257 2501 402 2568 sublecta
424 2511 508 2569 sunt.
553 2503 608 2569 Sic
637 2503 665 2567 si
695 2500 813 2565 milites
845 2500 887 2564 ad
913 2521 964 2566 res
990 2503 1080 2586 prins
1107 2504 1147 2569 ab
1170 2503 1210 2568 iis
1232 2501 1386 2569 feliciter

238 2610 363 2685 gestas
386 2612 416 2669 et
436 2604 573 2688 gloriam
602 2604 664 2669 diis
687 2600 898 2683 faventibus³l
932 2603 1016 2668 bello
1050 2614 1176 2688 partam
1209 2613 1385 2688 provocat,

254 2704 369 2771 cadem
392 2716 563 2773 occurrunt
584 2727 635 2792 ap.
651 2704 763 2788 Polyb.
786 2704 847 2770 ΙΙΙ.
868 2705 911 2770 44
932 2705 950 2788 g
968 2707 1008 2771 10
1022 2725 1067 2790 sq.
1088 2715 1121 2771 et
1135 2727 1185 2791 ap.
1201 2706 1269 2772 Liv.
1283 2706 1384 2790 XXI,

254 2825 281 2871 c.
304 2808 346 2874 30
368 2809 421 2892 §2
444 2830 510 2894 sqq.
534 2829 561 2875 c.
577 2809 619 2876 45
641 2809 726 2892 §la
771 2807 887 2890 Itaque
910 2806 1030 2889 pudeat
1053 2827 1119 2886 eos,
1143 2809 1197 2885 ait,
1220 2808 1247 2874 si
1269 2810 1386 2874 velint

253 2907 342 2990 ,dare
365 2920 456 2994 terga
479 2911 602 2977 nivosis
625 2909 786 2974 Montibus
809 2916 842 2972 et
864 2927 981 2990 segnes
1004 2911 1190 2976 submittere
1212 2910 1386 2977 montibus

254 3013 353 3074 arma'
377 3011 396 3076 i.
420 3032 445 3076 c.
469 3013 555 3078 idem
570 3012 678 3076 lacere
702 3011 786 3094 quod
801 3007 911 3074 Liuius
935 3030 962 3076 c.
977 3011 1020 3076 30
1042 3012 1096 3095 §6
1119 3012 1163 3093 ‚in
1178 3012 1257 3096 ipsis
1273 3014 1387 3094 portis

255 3108 393 3174 hostium
408 3113 564 3196 fatigatos
580 3113 766 3179 subsistere'
790 3109 944 3194 appellat,
967 3131 1036 3178 cum
1052 3113 1202 3199 Polybius
1218 3113 1238 3178 l.
1254 3132 1272 3177 c
1296 3115 1322 3194 ξ
1344 3117 1387 3181 12

254 3265 467 3280 '’u—

365 3355 392 3425 1)
411 3356 448 3416 cf.
466 3357 523 3414 Liv.
541 3358 574 3425 V,
592 3360 635 3426 34,
653 3361 669 3428 ξ
687 3357 704 3410 6
733 3355 823 3424 ‚Alpes
843 3400 849 3413 .
869 3401 876 3415 .
896 3400 903 3414 .
922 3355 1064 3412 nulladum
1082 3357 1134 3412 via’
1162 3358 1211 3430 (so.
1235 3373 1304 3412 anno
1327 3359 1389 3416 391

264 3460 289 3498 a.
309 3441 371 3501 Chr.
391 3444 428 3511 n.)
447 3479 482 3490 -
499 3447 564 3513 ,nisi
581 3447 614 3502 de
632 3445 757 3501 Hercule·
768 3444 867 3500 fabulis
895 3443 1004 3497 credero
1030 3444 1153 3500 libet-
1172 3447 1323 3517 superatas'
1359 3451 1389 3504 st

254 3532 325 3595 XXI,
344 3536 387 3600 41,
406 3535 422 3605 5
441 3537 457 3590 7
477 3534 624 3602 ,Hannibal
643 3575 649 3587 .
670 3573 677 3590 .
697 3533 818 3587 aemulus
836 3533 967 3588 itinerum
986 3534 1127 3598 Herculis.
1162 3539 1195 3591 ut
1219 3536 1276 3605 ipss
1305 3533 1387 3592 fart’.

256 3621 380 3683 Plinii.
399 3622 434 3678 H.
453 3622 504 3688 ΙΙΙ,
524 3639 546 3677 c.
566 3624 608 3690 17,
627 3623 643 3694 5
663 3623 715 3677 123
736 3620 843 3688 ‚Graiis'
864 3613 911 3692 (sc.
930 3621 1056 3693 Alpibus)
1074 3623 1226 3690 ,Herculem
1244 3624 1386 3680 transisse

135 3775 140 3790 .
255 3711 423 3768 memorant’.
460 3711 568 3769 Patron.
588 3727 669 3768 carm.
688 3711 722 3764 da
740 3709 804 3764 boll.
824 3710 875 3767 civ.
894 3727 932 3768 vs.
946 3711 999 3766 144
1017 3728 1057 3781 sq.
1076 3711 1200 3782 ‚Alpibus
1219 3711 1310 3777 aeriis,
1332 3713 1387 3768 nbi

257 3796 361 3853 Graio
381 3800 491 3854 numina
510 3799 602 3870 pulsae
621 3798 790 3854 descendunt
809 3795 908 3868 rnpes'.

363 3888 392 3958 2)
412 3886 447 3949 cl,
466 3887 525 3943 Liv.
543 3887 614 3955 XXI,
633 3905 655 3944 c.
675 3888 718 3954 29,
741 3889 801 3952 57.

361 3974 388 4046 3)
407 3993 445 4032 vs.
464 3977 516 4032 506
540 3976 678 4048 ,obsequio
704 3975 839 4044 superdm’
869 3975 905 4032 ci.
933 3974 1029 4044 Polyb.
1047 3973 1096 4046 ΙΙΙ,
1124 3977 1186 4045 111,
1209 3977 1262 4047 §3
1285 3981 1383 4032 ἐκεῖνοι

258 4062 305 4134 (sc.
317 4064 390 4134 θεοὶ)
408 4063 458 4137 γὰρ
475 4059 541 4134 r‘piv
558 4061 846 4138 cvyuaaacaeur'covaas
863 4060 916 4118 τὶν
927 4069 1002 4132 νίκην
1014 4063 1163 4132 (Hannibal
1178 4068 1242 4120 ante
1260 4081 1383 4136 pugnam

259 4149 428 4208 Cannensem
447 4152 640 4222 contionatur).
