2908 4724
686 366 746 432 127

156 551 251 620 Diod.
275 559 295 615 t.
318 551 372 617 IV.
396 571 427 635 p.
461 552 546 634 351.)
569 559 779 635 praepostero
812 551 883 616 loco
906 548 1096 616 chiliadibus
1136 548 1282 630 inseruit,

159 651 294 739 occuperis
316 657 448 736 ἐγένετο
471 649 587 738 δεινὸς,
610 651 653 728 ὡς
675 649 735 740 ὅρη
759 654 953 732 διαστῆναι
975 657 1203 735 comparasset.

264 755 403 820 Romani
433 754 625 838 nequiquam
658 755 740 820 ultra
765 756 917 820 resistere
941 762 1096 818 conantes
1118 754 1181 835 (νε.
1204 749 1281 836 627)
1309 785 1310 790 ε

159 859 290 924 tandem
311 856 408 938 pulsi,
429 865 464 921 ut
487 876 538 939 ap.
562 857 672 942 Polyb.
695 876 720 923 c.
744 857 786 922 84
806 857 868 937 §9
898 865 931 921 et
953 855 1023 920 Liv.
1047 874 1073 920 c.
1096 856 1117 920 6
1139 854 1158 938 ᾗ
1179 855 1199 920 6
1222 874 1280 938 εν,

159 961 191 1024 in
217 960 321 1024 lacurn
346 959 451 1042 ipsum
468 968 620 1041 urgentur
635 959 696 1044 (νε.
713 960 777 1025 630
798 959 867 1042 εν.)
908 957 1005 1024 Solus
1029 956 1142 1022 consul
1165 957 1282 1039 imper·

158 1061 266 1126 culsus
296 1060 338 1124 ad
364 1079 480 1126 novum
502 1061 534 1124 in
550 1061 660 1126 hostes
676 1061 829 1144 impetum
846 1057 1029 1123 faciendum
1048 1077 1123 1122 suos
1140 1057 1284 1122 stimulat

158 1163 218 1247 (νε.
242 1163 306 1228 632
337 1170 421 1247 sqq.)
449 1170 481 1228 et
509 1164 580 1246 ipse
603 1161 799 1227 fortitudinis
829 1159 976 1243 exemplo
1007 1161 1082 1223 dato
1111 1160 1173 1242 (νε.
1203 1157 1280 1245 644)

157 1272 292 1329 mortem
321 1265 454 1347 oppetit.
508 1264 558 1328 De
591 1283 652 1348 qua
688 1283 823 1328 narrans
853 1261 950 1328 Silius
981 1260 1064 1326 Livii
1097 1271 1129 1326 et
1156 1262 1283 1346 Polybii

155 1366 344 1432 testimonia
373 1367 526 1430 inunum
555 1365 724 1432 coniunxit.
769 1363 851 1430 Nam
882 1373 915 1428 et
935 1363 1142 1446 ,Ducarium’,
1173 1385 1192 1427 a
1220 1383 1281 1447 quo

157 1467 269 1532 Livius
286 1477 486 1550 peremptum
504 1487 577 1534 esse
592 1467 759 1532 consulem
776 1465 909 1531 tradidit
923 1465 987 1544 c.·‚6
1008 1465 1027 1548 ἓ
1048 1467 1069 1532 3
1093 1486 1150 1548 sq..
1169 1475 1282 1531 contra

157 1567 352 1632 Flaminium
377 1569 547 1636 advectum
569 1569 649 1634 lucit
670 1569 730 1651 (νε.
747 1569 810 1636 645
823 1569 919 1652 squ),
940 1568 997 1634 sed
1015 1567 1113 1632 etlam
1128 1567 1282 1632 honorem
1314 1582 1317 1588 ·

99 1737 100 1740 ,
157 1670 318 1735 interfecti
342 1671 548 1754 imperatoris
562 1672 618 1735 uni
635 1672 769 1735 barbaro
784 1670 942 1746 invidens,
966 1672 1001 1734 ut
1015 1676 1103 1734 recte
1118 1667 1283 1752 perspexit

157 1772 294 1838 Oosack.
326 1781 448 1855 quaest.
478 1774 537 1839 Sil.
567 1793 596 1856 p.
619 1774 661 1838 29
683 1791 741 1854 sq„
775 1779 821 1836 tot
849 1771 944 1837 simul
973 1771 1083 1836 hostes
1113 1770 1178 1834 tela
1207 1789 1281 1836 con·-

163 1873 281 1938 iecisse
304 1875 424 1954 scribit,
454 1879 490 1940 ut
512 1893 608 1939 nemo
638 1894 748 1940 eorum
775 1873 835 1938 sibi
863 1872 924 1937 soli
951 1872 1087 1955 gloriam
1109 1871 1189 1935 facti
1210 1871 1281 1936 vin·
1389 1941 1391 1945 .

164 1976 273 2041 dicare
296 1977 435 2058 potuerit
457 1977 517 2062 (νε.
541 1977 626 2061 656),
646 1976 679 2040 in
702 1994 762 2060 quo
778 1973 904 2058 Polybii
925 1970 1173 2058 προσπεσόντες
1196 1975 1282 2049 τινὲς

169 2080 236 2142 τῶν
258 2079 398 2144 Κελτῶν
425 2079 465 2163 (o.
493 2080 535 2145 84
561 2079 579 2162 ξ
605 2080 638 2162 6)
664 2076 791 2157 auxit.¹)
841 2075 999 2140 Ducarius
1022 2083 1137 2152 autem,
1166 2074 1281 2139 sinon

164 2178 332 2244 Insuber
355 2190 389 2245 ut
407 2201 428 2244 a
441 2179 542 2258 Livio,
564 2180 755 2264 appellatur,
771 2179 829 2243 sed
844 2178 884 2242 de
900 2177 998 2260 stirpe
1022 2176 1205 2241 Boiorum
1222 2177 1283 2256 (vs.

165 2281 237 2347 647.
253 2282 329 2366 650)
353 2282 453 2347 luisse
476 2280 601 2364 dieitur,
624 2281 708 2364 quod
724 2280 957 2365 Heynacherus
980 2280 1098 2362 (progr.
1115 2297 1146 2360 p.
1161 2278 1212 2362 27,
1230 2279 1283 2351 ll)

164 2393 292 2466 praeter
307 2385 370 2448 ium
395 2392 604 2449 memoratam
627 2391 800 2467 apertam
831 2400 907 2448 uum·
926 2379 1019 2446 Livio
1039 2381 1283 2463 repugnantiam

165 2484 317 2548 indicium
335 2485 433 2550 alieni
449 2485 589 2550 auctoris
605 2504 679 2552 esse
694 2486 853 2568 opinatur,
874 2503 961 2549 more
977 2490 1099 2548 tantum
1116 2489 1283 2566 poetarum

167 2586 285 2668 ubique
301 2587 394 2651 obvio
418 2606 475 2670 pro
498 2595 564 2652 toto
588 2587 753 2654 Gallorum
775 2587 894 2670 populo
917 2593 1004 2654 certa
1025 2584 1180 2668 quaedam
1202 2602 1284 2666 gens

167 2687 378 2763 substituitur,
405 2688 487 2753 sicut
514 2708 575 2753 nec
604 2698 700 2754 antea
728 2697 789 2768 (νε.
819 2688 894 2764 105)
928 2685 1122 2750 Flaminium
1150 2685 1284 2750 victoria

167 2805 205 2852 er
241 2788 440 2862 Insubribus,
481 2789 538 2854 sed
575 2790 650 2855 Bois
685 2797 847 2873 reportata
884 2787 1120 2871 superbientem
1152 2785 1283 2852 lecerat.

167 2889 350 2972 Propertius
373 2909 449 2954 vero
471 2891 521 2969 (V,
540 2893 589 2974 10,
603 2893 658 2967 40)
676 2891 862 2956 Virdomaro
878 2887 1035 2972 Insubrd)
1064 2889 1161 2954 etiam
1177 2887 1283 2968 ,oer-

167 2989 292 3072 gicam
316 2996 472 3075 parmum'
495 2991 592 3060 dedit.

274 3093 379 3174 Super
399 3095 543 3160 membra
565 3095 669 3160 necati
692 3095 833 3160 consulis
855 3094 1049 3160 nobilissimi
1070 3094 1203 3159 iuvenes
1217 3094 1283 3157 Ro-

168 3195 265 3271 mani,
295 3195 359 3259 iam
388 3197 484 3260 vitam
515 3196 720 3280 perosi‚„sibi
748 3197 828 3281 ipsis
859 3205 993 3261 mortem
1020 3197 1224 3262 consciscunt
1250 3205 1284 3258 et

167 3296 308 3360 cadaver
329 3297 398 3361 eius
421 3298 628 3381 superstratis
652 3298 718 3362 suis
741 3298 927 3382 corporibus
950 3300 1041 3381 quusi
1062 3297 1183 3362 tumulo
1209 3315 1282 3361 con-

167 3399 247 3463 dunt
269 3400 330 3479 (νε.
347 3397 410 3464 659
424 3399 514 3483 squ).
551 3399 713 3464 Romanos
741 3419 817 3464 vero
843 3401 930 3485 ipsos
953 3401 985 3464 in
1009 3399 1068 3466 hac
1090 3417 1200 3482 pugna
1222 3397 1284 3461 sibi

166 3521 281 3566 manus
320 3500 485 3580 iniecisse,
523 3501 606 3584 quod
635 3509 667 3564 et
695 3502 805 3568 Ihnius
839 3503 871 3566 in
909 3501 1076 3567 historiam
1104 3501 1283 3565 Romanum

167 3623 258 3668 suam
286 3603 341 3686 (ΙΙ,
365 3602 439 3683 177)
469 3604 599 3686 recepit,
623 3603 700 3667 alibi
730 3603 849 3685 legisse
875 3621 927 3668 me
956 3621 1018 3668 non
1048 3601 1188 3682 memini,
1219 3599 1283 3664 nisi

167 3704 249 3770 forte
271 3705 396 3788 Polybii
423 3705 521 3771 verba
542 3704 601 3784 ΙΙΙ,
624 3704 666 3770 84
686 3708 706 3785 6
730 3705 779 3783 10,
811 3705 875 3785 ubi,
908 3704 1017 3788 quiin
1045 3704 1133 3768 lacus
1167 3719 1283 3782 uquam

166 3804 404 3888 descenderint,
431 3807 547 3889 partim
576 3826 611 3872 se
639 3807 725 3891 ipsos
754 3806 848 3872 undis
877 3807 1055 3872 suffocasse
1081 3806 1193 3886 tradit,
1222 3805 1283 3870 huc

164 3965 378 3976 ι--ω-ι--ι--ιο-

274 4050 300 4119 1)
318 4050 352 4105 cl.
370 4049 458 4106 Blass.
477 4068 540 4108 ann.
559 4051 687 4108 Fleckeis.
708 4051 785 4118 1874,
804 4067 829 4120 p.
849 4052 909 4107 503.

273 4139 300 4210 2)
319 4139 377 4194 sire
394 4140 419 4194 ir
433 4139 620 4205 (lucraturum,
639 4140 733 4210 populi
750 4141 784 4195 ad
796 4139 958 4195 Rhodanum
975 4139 1135 4206 habitantis,
1154 4155 1202 4194 rex
1221 4138 1281 4205 luit,

166 4230 198 4282 ut
216 4227 377 4282 Plutarchus
396 4227 457 4282 vult
474 4227 594 4282 Marcell.
613 4244 634 4284 o.
655 4229 680 4285 6.
