2908 4724
638 339 676 402 91

63 520 346 603 autumaverim3
369 541 443 586 nam
466 541 486 584 a
508 520 761 586 Weissenboruii
790 521 934 604 partibus
956 528 1016 602 sto,
1039 522 1092 604 qui
1128 529 1215 586 reete

65 623 171 685 etiam
185 621 336 686 Florum
352 622 434 686 hanc
445 624 645 706 scripturam,
661 641 832 706 nonquam
846 623 902 688 alii
918 623 1124 688 inserendam
1141 643 1214 689 csse

67 732 292 800 censuerunt,
312 724 405 804 erat',
428 734 503 789 ante
523 725 634 790 oeulos
657 725 805 790 habuisse
827 725 929 790 affert
951 724 1101 790 Boiorum
1118 725 1215 806 igitur

68 826 168 888 rebus
179 826 304 908 gestis,
326 845 406 908 quas
416 825 551 892 delicias
563 846 637 891 esse
649 827 782 910 probavi
793 825 839 910 (p.
846 826 886 892 78
896 845 962 910 sqq.
970 846 1000 908 p.
1008 827 1061 904 88)
1077 835 1109 890 et
1123 825 1214 890 anci-

70 927 131 1008 piti
143 947 218 990 com
233 927 399 993 Numidis
416 947 526 1010 pugna
545 936 577 992 et
593 929 837 994 conservatione
856 928 998 993 consulis
1015 927 1082 992 filio
1094 928 1213 1007 debita,

70 1029 121 1092 cui
145 1028 239 1093 facto
266 1047 339 1094 neo
361 1031 556 1096 recentiores
579 1029 722 1094 historici
744 1027 842 1094 fidem
863 1028 1020 1110 derogare
1043 1030 1113 1094 ausi
1129 1040 1212 1108 suut,

69 1139 228 1194 acchera
256 1131 452 1196 narratione
475 1131 600 1196 Siliana
623 1131 753 1195 remotis
784 1131 878 1212 plane
907 1130 952 1193 nil
981 1132 1133 1214 reliquum
1165 1141 1215 1196 est

67 1241 204 1313 praeter
229 1251 370 1316 pugnas
393 1253 413 1296 a
434 1233 569 1314 singuiis
592 1233 781 1298 commissas
805 1241 836 1296 et
858 1232 1029 1314 praecique
1045 1233 1214 1298 edacibus

67 1333 251 1417 utriusque
302 1336 476 1414 exereitus,
515 1333 663 1417 Scipione
701 1333 779 1418 (vas.
811 1337 989 1414 ale-310,
1018 1336 1212 1418 401-416),

66 1434 271 1501 Hannibale
311 1437 390 1519 (vss.
422 1439 485 1503 324
510 1438 592 1520 sqq.)
626 1437 763 1518 Magone
790 1437 869 1521 (ras.
898 1439 956 1503 311
993 1438 1114 1520 sqq.),¹)
1153 1457 1213 1502 neo

70 1537 213 1602 invenio
240 1539 435 1621 quidquam,
458 1559 554 1621 equo
570 1538 696 1621 quidam
712 1546 821 1604 auctor
842 1539 934 1603 nobis
957 1538 1095 1621 ignotus,
1118 1557 1210 1621 quem

73 1647 173 1718 poeta
191 1641 425 1724 descripserit,
442 1642 534 1706 nobis
549 1642 696 1706 subolere
711 1641 823 1724 possit.
849 1640 931 1706 Nam
946 1640 974 1704 si
989 1658 1054 1706 rsa.
1072 1640 1132 1706 157
1146 1659 1212 1724 sqq.

74 1737 257 1806 Camertes
295 1743 395 1825 primi·
424 1765 443 1807 a
476 1743 577 1808 Celtis
609 1743 788 1809 furentibus
821 1742 1052 1826 opprimuntur,
1086 1743 1212 1824 poetico

76 1846 205 1908 tantum
238 1863 335 1908 more
363 1845 525 1927 quaelibet
552 1853 639 1910 certa
671 1863 722 1908 res
751 1863 806 1926 pro
837 1845 960 1908 incerta
987 1842 1092 1926 posita
1124 1843 1212 1924 esti)

80 1938 146 2005 Nec
176 1963 290 2026 grave
326 1955 527 2011 momentum·
554 1947 754 2012 tribuendum
788 1945 914 2012 ridetur
942 1945 1099 2022 versibus,
1132 1965 1212 2027 quos

83 2059 211 2121 prorsus
229 2048 383 2129 neglexit
396 2049 638 2133 Heynaoherus,
653 2067 844 2134 quamquam
857 2045 1047 2112 sententiam
1064 2048 1132 2111 eius
1156 2067 1214 2130 per

86 2145 225 2224 speciem
250 2148 434 2222 fulcientes.
458 2151 521 2218 214
543 2171 599 2234 sq,
633 2153 685 2216 uhi
709 2149 831 2227 consul,
865 2149 939 2212 dum
964 2147 1048 2213 Galli
1072 2158 1213 2232 stragem

86 2243 164 2311 inter
188 2251 363 2315 Romanos
393 2252 501 2332 edunt,
535 2261 665 2330 ,turmas
706 2269 842 2335 propere
873 2251 986 2316 castris
1013 2247 1145 2318 accitas'
1178 2251 1212 2316 in

81 2349 246 2427 proelium
279 2353 409 2418 duxisse
441 2354 570 2435 dicitur3
604 2363 635 2420 et
667 2373 790 2432 vereor,
821 2372 862 2418 ne
890 2352 989 2419 Silius
1019 2353 1212 2418 loeutioncm

84 2447 266 2519 Livianam
295 2453 329 2537 (l.
359 2475 386 2521 c.
408 2456 427 2539 ᾖ
449 2457 481 2540 9)
505 2457 632 2534 ,alius
663 2456 829 2524 confertus
857 2455 1018 2540 equitatus
1045 2454 1211 2520 consulem

84 2597 139 2617 -..
165 2556 322 2636 reduxit’,
344 2575 407 2638 qua
430 2557 553 2640 equites
569 2559 796 2624 iaculatoribus
817 2564 1026 2640 opponuntur,
1049 2575 1114 2621 non
1136 2559 1212 2623 novi

86 2655 212 2736 equites
238 2656 411 2724 debellatis
435 2659 606 2742 adduntur,
640 2669 695 2724 aut
728 2659 812 2723 male
841 2657 1043 2735 intellexerit,
1080 2665 1145 2730 aut,
1175 2659 1209 2723 iu

84 2757 172 2835 quali
209 2757 422 2824 cohaerentia
448 2763 547 2826 verba
580 2769 751 2842 exstarent,
781 2758 899 2826 oblitus
925 2759 977 2824 sit.
1028 2759 1082 2824 Sic
1110 2766 1211 2824 totam

87 2859 204 2936 proelii
231 2860 406 2941 imaginem
437 2863 540 2944 magis
569 2883 587 2928 e
611 2871 727 2947 poetae
755 2859 1001 2942 cogitationibus
1030 2859 1210 2942 profectam

87 2973 184 3037 quam
208 2959 286 3024 fidis
308 2963 490 3029 auctoribus
505 2965 660 3029 nitentem
678 2964 787 3045 reique
802 2961 931 3026 militari
955 2971 1208 3028 consentaneum

88 3059 239 3128 ordinem
263 3073 450 3145 sequentem
472 3066 636 3132 habemus.
681 3067 729 3130 Ac
754 3065 895 3148 proiecto
923 3063 1010 3129 acics
1033 3065 1209 3133 secundum

88 3159 301 3248 disciplinam
332 3167 478 3234 bellicam
507 3168 666 3234 instruere
696 3175 737 3247 et,
774 3185 835 3250 quo
864 3183 1073 3251 unaquaeque
1096 3166 1210 3232 cohors

90 3276 281 3334 semoveat
308 3269 424 3350 quidve
456 3279 542 3352 agat,
576 3270 757 3335 describere
791 3268 922 3334 minime
955 3277 1118 3352 poetarum
1153 3274 1211 3332 est.

90 3363 206 3448 Pugna
240 3368 326 3434 iacta
359 3373 417 3436 sub
450 3382 578 3438 noctem
613 3372 737 3454 utrique
771 3370 803 3435 iu
836 3378 943 3436 castra
979 3388 1014 3434 se
1046 3368 1209 3454 recepisse

93 3461 267 3550 finguntur.
300 3471 359 3554 (vs.
382 3475 444 3540 478
471 3486 533 3558 sq.)
586 3475 698 3557 Itaque
731 3472 864 3555 proelio,
899 3489 971 3536 cum
1002 3470 1105 3555 prima
1138 3471 1209 3536 luce

92 3571 250 3636 exercitus
285 3574 345 3640 sibi
374 3577 503 3641 obviam
526 3577 642 3641 iverint
665 3579 725 3650 (rs.
748 3573 790 3639 88
813 3579 885 3655 sq),
918 3571 985 3638 fere
1021 3579 1105 3637 totos
1138 3572 1209 3638 dics

95 3744 308 3758 ———.....-...

201 3835 228 3904 1)
246 3836 276 3891 Si
294 3853 355 3890 eum
379 3835 514 3907 equitibus
537 3836 684 3905 praeponit,
707 3835 765 3901 hoo,
787 3837 979 3905 praeterquam
1004 3836 1075 3901 quod
1099 3837 1208 3892 omnino

94 3915 253 3977 Hannibalis
261 3923 373 3978 habram
382 3925 490 3996 saepius
500 3941 581 3996 quam
591 3923 715 3978 historici
724 3922 850 3977 laudibus
861 3921 966 3978 afficere
976 3924 1048 3978 solet
1067 3925 1111 3992 (01.
1120 3927 1208 3994 pse),

98 4003 246 4066 indoloria
265 4012 422 4084 desumpsit,
441 4013 511 4083 quod
529 4016 593 4082 post
609 4012 742 4082 proelium
761 4011 861 4066 iactum
882 4027 924 4080 ap.
944 4011 1051 4066 Livium
1069 4011 1153 4081 (xxi,
1165 4015 1209 4079 47,

99 4091 114 4160 5
132 4097 258 4170 6)·h1ago
276 4115 338 4156 eam
357 4101 494 4171 equitibus
514 4101 643 4172 llispanis
661 4099 858 4170 praemittitur.

202 4189 229 4259 2)
248 4187 280 4244 el.
293 4190 422 4245 Picentes
434 4189 463 4244 in
475 4203 569 4259 pugna
581 4188 615 4243 ad
627 4188 842 4244 Trasumennum
854 4189 942 4245 lacum
954 4187 1030 4245 laeta
1042 4191 1074 4258 V,
1088 4190 1139 4245 208
1152 4205 1210 4260 sqq.

1001 4289 1034 4343 7*
