2936 4718
663 260 704 324 57

99 445 235 511 Ceteri
253 451 359 508 autern
382 442 489 518 duces,
513 441 627 524 quibus
650 442 691 506 ad
711 445 893 528 catalogum
917 447 1147 512 conficiendum
1164 449 1242 515 Silio

103 546 212 610 haud
236 545 346 628 paucis
365 563 446 626 opus
469 556 539 607 erat
562 564 666 607 rerum
691 548 844 610 memoria
867 569 930 614 non
964 550 1100 630 traditis,
1137 551 1243 616 cuncti

106 649 240 716 eodem
262 647 366 724 modo,
389 665 451 728 quo
474 647 570 709 etiam
601 645 675 708 licta
704 646 839 711 militum
878 651 1010 715 nomina
1048 653 1242 735 proeliorum

108 749 393 832 descriptionibus
431 745 653 826 inseruntur,¹l
690 748 866 813 inventioni
900 753 1047 835 poeticae
1076 753 1240 818 debentur.

109 853 207 917 Esse
244 852 333 926 haec,
373 857 407 912 ut
429 847 553 912 Barthii
575 847 689 931 dict02)
719 859 798 928 utar,
833 854 931 942 κωφὰ
958 853 1129 941 πρόσωπα,
1158 875 1240 939 qnae

109 954 278 1020 historiae
302 950 511 1014 fundamento
534 960 645 1014 carent
667 970 770 1033 neque
793 954 888 1018 aliter
911 977 930 1018 a
953 965 1049 1038 poeta
1072 958 1142 1040 ipso
1165 977 1239 1021 cen-

108 1057 285 1128 sebantur,
309 1063 340 1116 et
362 1073 401 1118 er
413 1053 566 1116 inferiore
589 1053 670 1135 loco,
694 1073 787 1137 quem
800 1055 944 1138 plerique
960 1076 1068 1121 eorum
1085 1060 1117 1121 in
1135 1067 1239 1141 poste-

109 1157 261 1222 rioribus
276 1155 470 1220 Punicorum
485 1155 630 1237 partibus
647 1155 830 1239 obtinenti)
853 1166 884 1222 et
908 1179 947 1223 ex
962 1180 1000 1224 eo
1020 1159 1134 1240 elucet,
1156 1160 1240 1242 qnod

106 1261 146 1323 in
174 1258 321 1322 carmine
344 1257 541 1338 perlegendo
566 1258 726 1338 progressi
749 1259 847 1322 etiam
869 1261 951 1325 alios
972 1261 1119 1325 homines
1141 1263 1239 1344 plane

108 1361 267 1424 diversos
291 1366 323 1421 et
346 1359 378 1422 in
402 1359 551 1440 catalogo
574 1361 711 1423 omissos
735 1361 927 1426 Hannibalis
957 1363 1054 1427 duces
1078 1371 1110 1426 et
1133 1364 1237 1428 consi-

109 1463 229 1526 liarios
252 1459 473 1534 invenimus.4)
517 1459 598 1524 Nam
630 1461 657 1525 si
687 1481 846 1542 personae
873 1465 1012 1548 catalogi
1042 1483 1075 1527 re
1097 1485 1174 1530 vera
1199 1485 1238 1530 ex

110 1725 239 1794 undique
257 1725 287 1777 ot
305 1723 425 1790 undique
444 1721 538 1776 iratar'
557 1723 576 1776 i.
596 1739 620 1777 e.
638 1725 773 1792 cogitatio
793 1725 826 1778 da
844 1725 939 1790 fratre,
967 1743 1045 1796 quam
1068 1743 1097 1780 re
1117 1745 1178 1782 veru
1196 1729 1238 1782 in·

111 1817 250 1869 sectatum
272 1829 332 1866 esse
352 1812 462 1865 minime
480 1811 631 1880 putandum
651 1815 700 1865 est.
1158 1861 1160 1868 ,

225 1903 255 1972 1)
273 1900 308 1955 cf.
326 1903 378 1956 reb.
398 1898 482 1954 schol.
501 1899 535 1951 ad
555 1899 622 1956 stat.
643 1899 726 1957 Theb.
749 1901 783 1964 ΙΙ,
802 1901 855 1956 629
884 1903 921 1968 ,in
948 1904 1050 1971 pugnis
1078 1905 1166 1959 solent
1194 1922 1237 1958 ex-

117 1989 208 2058 empla
225 1990 355 2043 virtutum
374 1987 446 2042 lictis
465 1989 589 2056 personis
607 1987 734 2044 inducere
753 1989 863 2058 poetao’.

224 2079 250 2146 2)
269 2078 303 2131 ad
322 2079 390 2132 Stat.
410 2077 495 2133 Theb.
514 2077 561 2144 IX,
581 2076 642 2131 749.

221 2165 249 2237 3)
268 2169 397 2230 Antaeus,
416 2165 550 2236 Bocchus,
570 2166 684 2234 Cycnus,
704 2164 874 2230 Mandonius,
894 2165 986 2232 Caeso,
1006 2167 1128 2230 Balarus,
1156 2165 1235 2236 Rhy-

112 2255 197 2310 daeus
215 2252 262 2324 (de
282 2254 379 2322 quibus
398 2255 552 2309 nominibus
571 2255 614 2312 vd.
626 2257 730 2309 textum
743 2255 824 2322 paulo
837 2254 920 2326 inira)
939 2257 1047 2310 omnino
1066 2259 1161 2324 postea
1179 2272 1235 2310 non

112 2351 269 2397 occurrunt.
306 2341 377 2396 Nam
395 2344 505 2396 etiamsi
524 2345 557 2398 ab
582 2343 731 2397 editoribus
762 2348 793 2398 ut
812 2343 862 2412 HI,
880 2345 941 2411 338,
960 2346 1000 2400 ita
1017 2344 1087 2408 XIV,
1105 2345 1159 2400 434
1177 2345 1235 2413 (ubi

110 2431 231 2500 ,oydunl’
251 2427 288 2484 L8
306 2431 425 2498 ,cydmrl’
443 2433 485 2502 li.)
507 2429 633 2500 ,Cydnus'
650 2432 762 2498 legitur,
790 2449 960 2502 nequaquam
983 2434 1068 2488 altero
1091 2434 1151 2488 loeo
1171 2451 1233 2488 oan-

113 2521 175 2575 dem
193 2537 335 2590 personam
354 2519 516 2591 significari,
535 2521 583 2574 sed
602 2522 691 2590 potius
710 2521 880 2575 classiarium
893 2521 1092 2586 Romanum,
1112 2523 1157 2590 qui
1175 2523 1233 2576 titi·

114 2626 178 2664 ones
192 2610 341 2664 Poenorum
360 2610 473 2663 navibus
491 2609 625 2678 iniecerit,
644 2611 786 2663 verbornm
807 2610 982 2663 cohaerentia
994 2609 1081 2664 docet.
1110 2611 1233 2664 Acher-

114 2716 168 2753 ras
185 2699 247 2766 Vll,
260 2698 313 2753 338
326 2698 472 2768 praecipua
485 2697 648 2752 Hannibalis
660 2697 760 2752 fiducia
773 2697 911 2764 dignatur.
940 2695 1108 2766 Choaspes
1121 2699 1166 2762 ΙΙΙ,
1180 2699 1234 2753 824

114 2787 196 2841 colles
214 2788 244 2840 in
257 2787 370 2841 sinistro
385 2787 469 2840 latere
484 2787 573 2840 laeum
586 2786 802 2840 Trasumennum
817 2787 957 2852 cingentes
971 2801 1102 2854 occupare
1115 2787 1232 2844 iubetur.

114 2875 296 2929 Viriathus
324 2877 354 2928 in
381 2892 473 2942 pugna
502 2873 647 2940 Cannensi,
676 2877 816 2942 postquam
838 2873 980 2926 Servilium
1009 2874 1116 2941 oceidit,
1142 2873 1232 2928 Paulli

114 2981 195 3019 manu
213 2964 287 3018 cadit
304 2965 338 3027 X,
348 2964 401 3018 219
417 2979 492 3032 sqq.;
512 2963 666 3031 Phorcys
685 2963 716 3026 X,
731 2962 783 3016 173
802 2977 859 3030 sqq.
878 2964 906 3015 et
922 2961 981 3030 ipse
999 2979 1016 3016 a
1034 2963 1126 3018 Paullo
1145 2965 1232 3018 iuter·

114 3054 216 3116 licitum
235 3053 411 3107 Arauacus
430 3053 461 3116 V,
481 3051 534 3106 557
552 3052 587 3105 ad
604 3052 695 3106 laeum
714 3051 929 3104 Trasumennum
947 3051 1114 3106 vulneratur.
1151 3052 1230 3108 Solos

115 3141 299 3210 Sychaeus,
333 3156 412 3208 quem
441 3143 590 3206 eognatnm
618 3139 766 3194 Hannibali
794 3139 880 3193 fuisso
910 3143 991 3207 poeta
1019 3141 1232 3195 comminiscitur

116 3235 301 3302 praeterquam
320 3228 392 3297 qnod
410 3227 454 3293 IV,
474 3227 527 3283 825
546 3235 778 3293 commemoratur,
806 3227 886 3282 factis
909 3229 967 3282 suis
986 3230 1153 3300 complexum
1171 3246 1230 3282 ror·

117 3335 192 3374 snum
210 3316 244 3382 V,
263 3317 406 3373 auo-529
429 3317 529 3387 'implet
556 3321 585 3369 et
611 3317 647 3373 ib.
667 3315 808 3371 584-602
837 3316 914 3385 quasi
940 3316 1096 3372 laudatione
1123 3317 1230 3370 funebri

117 3408 270 3463 celebratur.

214 3495 242 3566 4)
262 3495 306 3549 Sic
325 3493 490 3558 Maraxes,
519 3493 596 3547 euius
625 3493 653 3545 in
680 3493 803 3562 catalogo
831 3493 934 3548 mentio
959 3509 1013 3545 nun
1030 3492 1069 3560 iit,
1099 3491 1157 3556 Vll,
1176 3493 1230 3548 324

117 3585 213 3655 primus
232 3589 283 3654 est,
302 3597 415 3652 quocum
433 3581 572 3636 Hannibal
590 3577 669 3638 Fabii
687 3582 746 3635 dolo
766 3585 896 3636 nocturno
915 3579 1065 3648 decipiendi
1084 3581 1228 3636 eonsilium

118 3673 296 3743 communicat,
325 3677 353 3726 et
374 3688 391 3725 a
409 3671 524 3737 Magone
541 3669 577 3727 ib.
597 3687 635 3728 vs.
654 3670 707 3724 323
736 3669 889 3734 ,fortissime
908 3667 1011 3722 duotor'
1042 3669 1228 3738 compellatur.

119 3761 162 3817 Sic
176 3762 339 3828 Nealces,
368 3777 447 3831 quem
475 3763 502 3814 at
528 3759 618 3829 ipsum
636 3762 716 3829 poeta
739 3759 769 3811 in
795 3758 866 3812 libro
884 3757 967 3811 tertio
997 3757 1147 3825 praeteriit,
1175 3775 1229 3812 non

118 3850 187 3904 modo
204 3855 261 3904 tam
280 3849 393 3904 idoneus
412 3847 466 3902 dux
485 3846 592 3901 ridetur
609 3847 763 3910 hannibali,
791 3850 822 3900 ut
849 3861 942 3914 pugna
960 3843 1100 3899 Cannensi
1118 3847 1229 3901 sinistro

119 3940 202 3994 oomni
221 3941 403 4008 praeponatur
421 3934 481 4006 (ix,
492 3936 562 4004 226),
582 3935 629 3990 sed
647 3936 728 3990 etiarn
747 3933 825 4003 quasi
842 3933 925 3988 fidem
943 3933 977 3987 ab
995 3933 1157 4004 imperatore
1175 3934 1228 3989 sibi

119 4028 236 4082 tributam
254 4026 461 4082 confirmaturus
480 4024 634 4078 Scaevolam
651 4024 751 4079 fortem
760 4023 912 4077 Romanum
931 4027 1012 4076 necat
1029 4022 1074 4089 lib.
1093 4022 1146 4076 332
1158 4020 1227 4090 sqq.)

119 4115 226 4171 Nealcen
244 4119 336 4170 autem
355 4113 414 4179 XV,
432 4113 486 4168 448
504 4117 754 4179 commemoratum,
783 4111 829 4180 qni
853 4109 954 4164 additis
981 4111 1071 4166 verbis
1098 4110 1230 4175 ‚incestus

1011 4210 1028 4264 b
