<?xml version="1.0" encoding="UTF-8"?>
<!DOCTYPE html PUBLIC "-//W3C//DTD XHTML 1.0 Transitional//EN"
    "http://www.w3.org/TR/xhtml1/DTD/xhtml1-transitional.dtd">
<html xmlns="http://www.w3.org/1999/xhtml" xml:lang="en" lang="en">
 <head>
  <title>
</title>
<meta http-equiv="Content-Type" content="text/html;charset=utf-8" />
  <meta name='ocr-system' content='tesseract 3.04.00' />
  <meta name='ocr-capabilities' content='ocr_page ocr_carea ocr_par ocr_line ocrx_word'/>
</head>
<body>
  <div class='ocr_page' id='page_1' title='image "./defidehistorica00schlgoog_0048.png"; bbox 0 0 2936 4718; ppageno 0'>
   <div class='ocr_carea' id='block_1_1' title="bbox 647 337 689 402">
    <p class='ocr_par' dir='ltr' id='par_1_1' title="bbox 647 337 689 402">
     <span class='ocr_line' id='line_1_1' title="bbox 647 337 689 402; baseline 0 0"><span class='ocrx_word' id='word_1_1' title='bbox 647 337 689 402; x_wconf 88' lang='grc'>43</span> 
     </span>
    </p>
   </div>
   <div class='ocr_carea' id='block_1_2' title="bbox 82 517 1335 606">
    <p class='ocr_par' dir='ltr' id='par_1_2' title="bbox 82 517 1335 606">
     <span class='ocr_line' id='line_1_2' title="bbox 82 517 1335 606; baseline 0.002 -21"><span class='ocrx_word' id='word_1_2' title='bbox 82 520 162 585; x_wconf 88' lang='lat' dir='ltr'>His</span> <span class='ocrx_word' id='word_1_3' title='bbox 191 519 345 586; x_wconf 81' lang='lat' dir='ltr'>militibus</span> <span class='ocrx_word' id='word_1_4' title='bbox 361 521 470 586; x_wconf 89' lang='lat' dir='ltr'>orbem</span> <span class='ocrx_word' id='word_1_5' title='bbox 486 529 642 585; x_wconf 85' lang='lat' dir='ltr'>terrarum</span> <span class='ocrx_word' id='word_1_6' title='bbox 657 519 736 585; x_wconf 87' lang='lat' dir='ltr'>milri</span> <span class='ocrx_word' id='word_1_7' title='bbox 751 520 970 606; x_wconf 84' lang='lat' dir='ltr'>subigerem.¹)</span> <span class='ocrx_word' id='word_1_8' title='bbox 1004 521 1083 588; x_wconf 82' lang='lat' dir='ltr'>Eam</span> <span class='ocrx_word' id='word_1_9' title='bbox 1098 521 1225 590; x_wconf 84' lang='lat' dir='ltr'>Livium</span> <span class='ocrx_word' id='word_1_10' title='bbox 1330 517 1335 530; x_wconf 93' lang='lat'>&#39;</span> 
     </span>
    </p>
   </div>
   <div class='ocr_carea' id='block_1_3' title="bbox 70 620 1230 3356">
    <p class='ocr_par' dir='ltr' id='par_1_3' title="bbox 70 620 1227 2230">
     <span class='ocr_line' id='line_1_3' title="bbox 86 620 1225 708; baseline 0.004 -22"><span class='ocrx_word' id='word_1_11' title='bbox 86 641 260 687; x_wconf 89' lang='lat' dir='ltr'>narrasse</span> <span class='ocrx_word' id='word_1_12' title='bbox 286 641 326 687; x_wconf 87' lang='lat' dir='ltr'>ex</span> <span class='ocrx_word' id='word_1_13' title='bbox 347 620 399 686; x_wconf 88' lang='lat' dir='ltr'>bis</span> <span class='ocrx_word' id='word_1_14' title='bbox 422 622 578 704; x_wconf 81' lang='lat' dir='ltr'>epitomes</span> <span class='ocrx_word' id='word_1_15' title='bbox 601 621 674 685; x_wconf 93' lang='lat' dir='ltr'>libri</span> <span class='ocrx_word' id='word_1_16' title='bbox 695 621 794 689; x_wconf 87' lang='lat' dir='ltr'>XIlIi.</span> <span class='ocrx_word' id='word_1_17' title='bbox 816 621 934 705; x_wconf 90' lang='lat' dir='ltr'>perditi</span> <span class='ocrx_word' id='word_1_18' title='bbox 956 623 1063 688; x_wconf 84' lang='lat' dir='ltr'>verbis</span> <span class='ocrx_word' id='word_1_19' title='bbox 1078 625 1225 708; x_wconf 82' lang='lat' dir='ltr'>quamvis</span> 
     </span>
     <span class='ocr_line' id='line_1_4' title="bbox 89 723 1225 811; baseline 0.004 -25"><span class='ocrx_word' id='word_1_20' title='bbox 89 723 245 788; x_wconf 85' lang='lat' dir='ltr'>exilibus</span> <span class='ocrx_word' id='word_1_21' title='bbox 268 723 473 788; x_wconf 80' lang='lat' dir='ltr'>manifestum</span> <span class='ocrx_word' id='word_1_22' title='bbox 489 731 538 788; x_wconf 89' lang='lat' dir='ltr'>est</span> <span class='ocrx_word' id='word_1_23' title='bbox 552 732 637 806; x_wconf 86' lang='lat' dir='ltr'>,post</span> <span class='ocrx_word' id='word_1_24' title='bbox 652 723 684 787; x_wconf 91' lang='lat' dir='ltr'>id</span> <span class='ocrx_word' id='word_1_25' title='bbox 700 723 857 806; x_wconf 89' lang='lat' dir='ltr'>proelium</span> <span class='ocrx_word' id='word_1_26' title='bbox 874 727 932 804; x_wconf 89' lang='lat' dir='ltr'>(sc.</span> <span class='ocrx_word' id='word_1_27' title='bbox 952 723 1225 811; x_wconf 85' lang='lat' dir='ltr'>Heracleoticum)</span> 
     </span>
     <span class='ocr_line' id='line_1_5' title="bbox 93 825 1225 913; baseline 0.005 -25"><span class='ocrx_word' id='word_1_28' title='bbox 93 843 179 889; x_wconf 89' lang='lat' dir='ltr'>cum</span> <span class='ocrx_word' id='word_1_29' title='bbox 209 843 344 906; x_wconf 83' lang='lat' dir='ltr'>corpora</span> <span class='ocrx_word' id='word_1_30' title='bbox 364 825 591 908; x_wconf 87' lang='lat' dir='ltr'>Romanorum,</span> <span class='ocrx_word' id='word_1_31' title='bbox 621 825 676 908; x_wconf 86' lang='lat' dir='ltr'>qui</span> <span class='ocrx_word' id='word_1_32' title='bbox 706 826 738 889; x_wconf 92' lang='lat' dir='ltr'>in</span> <span class='ocrx_word' id='word_1_33' title='bbox 768 825 839 890; x_wconf 88' lang='lat' dir='ltr'>acie</span> <span class='ocrx_word' id='word_1_34' title='bbox 868 825 1061 903; x_wconf 76' lang='lat' dir='ltr'>ceciderant,</span> <span class='ocrx_word' id='word_1_35' title='bbox 1084 828 1225 913; x_wconf 81' lang='lat' dir='ltr'><strong>Pyrrhus</strong></span> 
     </span>
     <span class='ocr_line' id='line_1_6' title="bbox 95 924 1226 1008; baseline 0.006 -19"><span class='ocrx_word' id='word_1_36' title='bbox 95 925 292 1008; x_wconf 71' lang='lat' dir='ltr'>inspiceret,</span> <span class='ocrx_word' id='word_1_37' title='bbox 327 925 435 990; x_wconf 87' lang='lat' dir='ltr'>omnia</span> <span class='ocrx_word' id='word_1_38' title='bbox 469 945 563 992; x_wconf 88' lang='lat' dir='ltr'>versa</span> <span class='ocrx_word' id='word_1_39' title='bbox 595 928 628 991; x_wconf 94' lang='lat' dir='ltr'>in</span> <span class='ocrx_word' id='word_1_40' title='bbox 661 927 785 991; x_wconf 90' lang='lat' dir='ltr'>bostem</span> <span class='ocrx_word' id='word_1_41' title='bbox 819 924 960 992; x_wconf 85' lang='lat' dir='ltr'>invenit&#39;.</span> <span class='ocrx_word' id='word_1_42' title='bbox 1003 927 1125 1007; x_wconf 83' lang='lat' dir='ltr'>Quibus</span> <span class='ocrx_word' id='word_1_43' title='bbox 1148 949 1226 996; x_wconf 83' lang='lat' dir='ltr'>roro</span> 
     </span>
     <span class='ocr_line' id='line_1_7' title="bbox 97 1026 1226 1117; baseline 0.003 -23"><span class='ocrx_word' id='word_1_44' title='bbox 97 1026 267 1094; x_wconf 88' lang='lat' dir='ltr'>coloribus</span> <span class='ocrx_word' id='word_1_45' title='bbox 301 1047 367 1092; x_wconf 89' lang='lat' dir='ltr'>rem</span> <span class='ocrx_word' id='word_1_46' title='bbox 398 1027 589 1111; x_wconf 83' lang='lat' dir='ltr'>depinxerit,</span> <span class='ocrx_word' id='word_1_47' title='bbox 624 1048 643 1094; x_wconf 90' lang='lat' dir='ltr'>e</span> <span class='ocrx_word' id='word_1_48' title='bbox 674 1029 772 1093; x_wconf 85' lang='lat' dir='ltr'>Floro</span> <span class='ocrx_word' id='word_1_49' title='bbox 803 1029 841 1113; x_wconf 72' lang='lat' dir='ltr'>ll,</span> <span class='ocrx_word' id='word_1_50' title='bbox 865 1049 892 1094; x_wconf 87' lang='lat' dir='ltr'>o.</span> <span class='ocrx_word' id='word_1_51' title='bbox 922 1029 961 1094; x_wconf 89' lang='lat'>13</span> <span class='ocrx_word' id='word_1_52' title='bbox 988 1033 1008 1111; x_wconf 66' lang='grc' dir='ltr'>ξ</span> <span class='ocrx_word' id='word_1_53' title='bbox 1032 1031 1071 1094; x_wconf 84' lang='grc'>17</span> <span class='ocrx_word' id='word_1_54' title='bbox 1101 1051 1147 1114; x_wconf 87' lang='lat' dir='ltr'>sq.</span> <span class='ocrx_word' id='word_1_55' title='bbox 1172 1031 1226 1117; x_wconf 90' lang='lat' dir='ltr'>H.)</span> 
     </span>
     <span class='ocr_line' id='line_1_8' title="bbox 97 1129 1226 1215; baseline 0.003 -21"><span class='ocrx_word' id='word_1_56' title='bbox 97 1129 258 1194; x_wconf 87' lang='lat' dir='ltr'>conicere</span> <span class='ocrx_word' id='word_1_57' title='bbox 291 1129 377 1207; x_wconf 89' lang='lat' dir='ltr'>licet,</span> <span class='ocrx_word' id='word_1_58' title='bbox 410 1130 463 1212; x_wconf 92' lang='lat' dir='ltr'>qui</span> <span class='ocrx_word' id='word_1_59' title='bbox 493 1132 526 1194; x_wconf 92' lang='lat' dir='ltr'>in</span> <span class='ocrx_word' id='word_1_60' title='bbox 550 1131 629 1213; x_wconf 89' lang='lat' dir='ltr'>ipsis</span> <span class='ocrx_word' id='word_1_61' title='bbox 659 1131 729 1195; x_wconf 89' lang='lat' dir='ltr'>fcre</span> <span class='ocrx_word' id='word_1_62' title='bbox 752 1129 858 1194; x_wconf 89' lang='lat' dir='ltr'>verbis</span> <span class='ocrx_word' id='word_1_63' title='bbox 882 1149 953 1196; x_wconf 92' lang='lat' dir='ltr'>cum</span> <span class='ocrx_word' id='word_1_64' title='bbox 977 1131 1057 1197; x_wconf 90' lang='lat' dir='ltr'>Silio</span> <span class='ocrx_word' id='word_1_65' title='bbox 1080 1133 1226 1215; x_wconf 84' lang='lat' dir='ltr'>congruit</span> 
     </span>
     <span class='ocr_line' id='line_1_9' title="bbox 95 1231 1227 1315; baseline 0.002 -18"><span class='ocrx_word' id='word_1_66' title='bbox 95 1241 132 1297; x_wconf 87' lang='lat' dir='ltr'>et</span> <span class='ocrx_word' id='word_1_67' title='bbox 168 1231 238 1297; x_wconf 89' lang='lat' dir='ltr'>iarn</span> <span class='ocrx_word' id='word_1_68' title='bbox 270 1234 358 1298; x_wconf 88' lang='lat' dir='ltr'>recte</span> <span class='ocrx_word' id='word_1_69' title='bbox 386 1231 613 1315; x_wconf 84' lang='lat' dir='ltr'>aDanrqueio</span> <span class='ocrx_word' id='word_1_70' title='bbox 648 1231 770 1296; x_wconf 88' lang='lat' dir='ltr'>editore</span> <span class='ocrx_word' id='word_1_71' title='bbox 804 1233 1007 1313; x_wconf 88' lang='lat' dir='ltr'>comparatus</span> <span class='ocrx_word' id='word_1_72' title='bbox 1041 1245 1099 1298; x_wconf 89' lang='lat' dir='ltr'>est.</span> <span class='ocrx_word' id='word_1_73' title='bbox 1145 1234 1227 1300; x_wconf 88' lang='lat' dir='ltr'>Huic</span> 
     </span>
     <span class='ocr_line' id='line_1_10' title="bbox 95 1320 1226 1419; baseline 0.003 -21"><span class='ocrx_word' id='word_1_74' title='bbox 95 1320 175 1398; x_wconf 89' lang='lat' dir='ltr'>loco</span> <span class='ocrx_word' id='word_1_75' title='bbox 193 1353 265 1398; x_wconf 87' lang='lat' dir='ltr'>curn</span> <span class='ocrx_word' id='word_1_76' title='bbox 277 1333 448 1417; x_wconf 88' lang='lat' dir='ltr'>Rupertius</span> <span class='ocrx_word' id='word_1_77' title='bbox 464 1342 550 1398; x_wconf 88' lang='lat' dir='ltr'>recte</span> <span class='ocrx_word' id='word_1_78' title='bbox 565 1333 699 1398; x_wconf 80' lang='lat' dir='ltr'>adderet</span> <span class='ocrx_word' id='word_1_79' title='bbox 715 1333 847 1416; x_wconf 86' lang='lat' dir='ltr'>Eutrop.</span> <span class='ocrx_word' id='word_1_80' title='bbox 878 1333 948 1413; x_wconf 86' lang='lat' dir='ltr'>lI,6</span> <span class='ocrx_word' id='word_1_81' title='bbox 965 1335 1022 1415; x_wconf 87' lang='lat'>(--</span> <span class='ocrx_word' id='word_1_82' title='bbox 1041 1335 1086 1419; x_wconf 85' lang='lat'>11,</span> <span class='ocrx_word' id='word_1_83' title='bbox 1103 1338 1139 1400; x_wconf 92' lang='lat' dir='ltr'>ll</span> <span class='ocrx_word' id='word_1_84' title='bbox 1164 1341 1184 1417; x_wconf 68' lang='grc' dir='ltr'>ξ</span> <span class='ocrx_word' id='word_1_85' title='bbox 1205 1338 1226 1402; x_wconf 87' lang='lat'>3</span> 
     </span>
     <span class='ocr_line' id='line_1_11' title="bbox 97 1435 1226 1519; baseline 0.003 -20"><span class='ocrx_word' id='word_1_86' title='bbox 97 1435 240 1519; x_wconf 87' lang='lat' dir='ltr'>Droys.)</span> <span class='ocrx_word' id='word_1_87' title='bbox 262 1454 323 1499; x_wconf 89' lang='lat' dir='ltr'>nec</span> <span class='ocrx_word' id='word_1_88' title='bbox 346 1435 471 1518; x_wconf 86' lang='lat' dir='ltr'>indigni</span> <span class='ocrx_word' id='word_1_89' title='bbox 493 1445 595 1514; x_wconf 88' lang='lat' dir='ltr'>erant,</span> <span class='ocrx_word' id='word_1_90' title='bbox 625 1435 678 1517; x_wconf 90' lang='lat' dir='ltr'>qui</span> <span class='ocrx_word' id='word_1_91' title='bbox 700 1435 915 1514; x_wconf 88' lang='lat' dir='ltr'>laudarentur,</span> <span class='ocrx_word' id='word_1_92' title='bbox 944 1435 1094 1503; x_wconf 83' lang='lat' dir='ltr'>Aurelius</span> <span class='ocrx_word' id='word_1_93' title='bbox 1117 1437 1226 1504; x_wconf 89' lang='lat' dir='ltr'>Victor</span> 
     </span>
     <span class='ocr_line' id='line_1_12' title="bbox 103 1536 1226 1619; baseline 0.004 -18"><span class='ocrx_word' id='word_1_94' title='bbox 103 1537 147 1603; x_wconf 90' lang='lat' dir='ltr'>de</span> <span class='ocrx_word' id='word_1_95' title='bbox 170 1538 229 1603; x_wconf 89' lang='lat' dir='ltr'>vir.</span> <span class='ocrx_word' id='word_1_96' title='bbox 258 1537 373 1603; x_wconf 89' lang='lat' dir='ltr'>illustr.</span> <span class='ocrx_word' id='word_1_97' title='bbox 405 1557 430 1601; x_wconf 91' lang='lat' dir='ltr'>c.</span> <span class='ocrx_word' id='word_1_98' title='bbox 454 1536 496 1604; x_wconf 85' lang='lat'>35</span> <span class='ocrx_word' id='word_1_99' title='bbox 516 1541 536 1619; x_wconf 64' lang='grc' dir='ltr'>ξ</span> <span class='ocrx_word' id='word_1_100' title='bbox 558 1539 580 1602; x_wconf 89' lang='grc'>4</span> <span class='ocrx_word' id='word_1_101' title='bbox 601 1545 633 1615; x_wconf 81' lang='lat' dir='ltr'>ct</span> <span class='ocrx_word' id='word_1_102' title='bbox 656 1536 788 1602; x_wconf 78' lang='lat' dir='ltr'>Cassius</span> <span class='ocrx_word' id='word_1_103' title='bbox 814 1537 887 1618; x_wconf 92' lang='lat' dir='ltr'>Dio,</span> <span class='ocrx_word' id='word_1_104' title='bbox 917 1539 1007 1604; x_wconf 89' lang='lat' dir='ltr'>cuius</span> <span class='ocrx_word' id='word_1_105' title='bbox 1037 1538 1076 1603; x_wconf 89' lang='lat' dir='ltr'>dc</span> <span class='ocrx_word' id='word_1_106' title='bbox 1102 1539 1162 1605; x_wconf 87' lang='lat' dir='ltr'>hac</span> <span class='ocrx_word' id='word_1_107' title='bbox 1190 1558 1226 1605; x_wconf 89' lang='lat' dir='ltr'>rc</span> 
     </span>
     <span class='ocr_line' id='line_1_13' title="bbox 101 1637 1226 1722; baseline 0.004 -20"><span class='ocrx_word' id='word_1_108' title='bbox 101 1639 297 1704; x_wconf 86' lang='lat' dir='ltr'>relationem</span> <span class='ocrx_word' id='word_1_109' title='bbox 320 1638 383 1704; x_wconf 91' lang='lat' dir='ltr'>duo</span> <span class='ocrx_word' id='word_1_110' title='bbox 406 1639 609 1704; x_wconf 83' lang='lat' dir='ltr'>Constantini</span> <span class='ocrx_word' id='word_1_111' title='bbox 639 1637 843 1722; x_wconf 84' lang='lat' dir='ltr'>imperatoris</span> <span class='ocrx_word' id='word_1_112' title='bbox 867 1644 900 1705; x_wconf 89' lang='lat' dir='ltr'>eb</span> <span class='ocrx_word' id='word_1_113' title='bbox 926 1639 1009 1705; x_wconf 90' lang='lat' dir='ltr'>alius</span> <span class='ocrx_word' id='word_1_114' title='bbox 1037 1641 1226 1707; x_wconf 86' lang='lat' dir='ltr'>breviatoris</span> 
     </span>
     <span class='ocr_line' id='line_1_14' title="bbox 103 1739 1226 1828; baseline 0.002 -22"><span class='ocrx_word' id='word_1_115' title='bbox 103 1746 261 1823; x_wconf 80' lang='lat' dir='ltr'>excerpta</span> <span class='ocrx_word' id='word_1_116' title='bbox 283 1740 391 1824; x_wconf 84' lang='lat' dir='ltr'>(srgm.</span> <span class='ocrx_word' id='word_1_117' title='bbox 414 1743 457 1806; x_wconf 87' lang='lat'>40</span> <span class='ocrx_word' id='word_1_118' title='bbox 477 1745 497 1822; x_wconf 69' lang='grc' dir='ltr'>ξ</span> <span class='ocrx_word' id='word_1_119' title='bbox 513 1743 553 1806; x_wconf 85' lang='grc'>19</span> <span class='ocrx_word' id='word_1_120' title='bbox 569 1749 601 1804; x_wconf 89' lang='lat' dir='ltr'>et</span> <span class='ocrx_word' id='word_1_121' title='bbox 616 1742 658 1806; x_wconf 82' lang='lat'>20</span> <span class='ocrx_word' id='word_1_122' title='bbox 672 1760 724 1824; x_wconf 90' lang='lat' dir='ltr'>ap.</span> <span class='ocrx_word' id='word_1_123' title='bbox 741 1739 854 1824; x_wconf 92' lang='lat' dir='ltr'>Dind.)</span> <span class='ocrx_word' id='word_1_124' title='bbox 877 1749 909 1805; x_wconf 90' lang='lat' dir='ltr'>et</span> <span class='ocrx_word' id='word_1_125' title='bbox 924 1741 1069 1808; x_wconf 81' lang='lat' dir='ltr'>Zonaras</span> <span class='ocrx_word' id='word_1_126' title='bbox 1085 1743 1226 1828; x_wconf 89' lang='lat' dir='ltr'>epitoma</span> 
     </span>
     <span class='ocr_line' id='line_1_15' title="bbox 103 1841 1226 1925; baseline 0.004 -19"><span class='ocrx_word' id='word_1_127' title='bbox 103 1843 209 1923; x_wconf 86' lang='lat' dir='ltr'>(VIlI,</span> <span class='ocrx_word' id='word_1_128' title='bbox 224 1843 257 1922; x_wconf 86' lang='lat'>3)</span> <span class='ocrx_word' id='word_1_129' title='bbox 281 1841 372 1906; x_wconf 86' lang='lat' dir='ltr'>nobir</span> <span class='ocrx_word' id='word_1_130' title='bbox 395 1850 615 1906; x_wconf 87' lang='lat' dir='ltr'>servaverunt.</span> <span class='ocrx_word' id='word_1_131' title='bbox 646 1841 794 1906; x_wconf 79' lang='lat' dir='ltr'>Ceterum</span> <span class='ocrx_word' id='word_1_132' title='bbox 811 1849 905 1925; x_wconf 85' lang='lat' dir='ltr'>poeta</span> <span class='ocrx_word' id='word_1_133' title='bbox 929 1842 972 1906; x_wconf 92' lang='lat' dir='ltr'>ad</span> <span class='ocrx_word' id='word_1_134' title='bbox 996 1844 1226 1910; x_wconf 87' lang='lat' dir='ltr'>accersendam</span> 
     </span>
     <span class='ocr_line' id='line_1_16' title="bbox 105 1942 1226 2029; baseline 0.004 -23"><span class='ocrx_word' id='word_1_135' title='bbox 105 1945 195 2007; x_wconf 89' lang='lat' dir='ltr'>hano</span> <span class='ocrx_word' id='word_1_136' title='bbox 226 1943 368 2009; x_wconf 84' lang='lat' dir='ltr'>fabulam</span> <span class='ocrx_word' id='word_1_137' title='bbox 406 1943 528 2009; x_wconf 86' lang='lat' dir='ltr'>moveri</span> <span class='ocrx_word' id='word_1_138' title='bbox 567 1943 671 2026; x_wconf 90' lang='lat' dir='ltr'>potuit</span> <span class='ocrx_word' id='word_1_139' title='bbox 704 1942 787 2008; x_wconf 88' lang='lat' dir='ltr'>Livii</span> <span class='ocrx_word' id='word_1_140' title='bbox 826 1942 1021 2024; x_wconf 87' lang='lat' dir='ltr'>narratione,</span> <span class='ocrx_word' id='word_1_141' title='bbox 1058 1945 1111 2029; x_wconf 90' lang='lat' dir='ltr'>qui</span> <span class='ocrx_word' id='word_1_142' title='bbox 1148 1947 1226 2012; x_wconf 93' lang='lat' dir='ltr'>dicit</span> 
     </span>
     <span class='ocr_line' id='line_1_17' title="bbox 108 2043 1225 2130; baseline 0.003 -20"><span class='ocrx_word' id='word_1_143' title='bbox 108 2045 226 2130; x_wconf 85' lang='lat' dir='ltr'>(XXII,</span> <span class='ocrx_word' id='word_1_144' title='bbox 248 2065 276 2112; x_wconf 92' lang='lat' dir='ltr'>c.</span> <span class='ocrx_word' id='word_1_145' title='bbox 299 2047 317 2112; x_wconf 80' lang='lat'><strong>7</strong></span> <span class='ocrx_word' id='word_1_146' title='bbox 341 2046 358 2129; x_wconf 66' lang='grc' dir='ltr'>ξ</span> <span class='ocrx_word' id='word_1_147' title='bbox 380 2045 415 2130; x_wconf 81' lang='grc'>5)</span> <span class='ocrx_word' id='word_1_148' title='bbox 441 2044 655 2109; x_wconf 88' lang='lat' dir='ltr'>Hannibalem</span> <span class='ocrx_word' id='word_1_149' title='bbox 674 2043 827 2107; x_wconf 84' lang='lat' dir='ltr'>Flaminii</span> <span class='ocrx_word' id='word_1_150' title='bbox 856 2063 971 2127; x_wconf 87' lang='lat' dir='ltr'>corpus</span> <span class='ocrx_word' id='word_1_151' title='bbox 995 2045 1078 2111; x_wconf 88' lang='lat' dir='ltr'>inter</span> <span class='ocrx_word' id='word_1_152' title='bbox 1101 2067 1225 2128; x_wconf 89' lang='lat' dir='ltr'>caesos,</span> 
     </span>
     <span class='ocr_line' id='line_1_18' title="bbox 70 2145 705 2230; baseline 0 -19"><span class='ocrx_word' id='word_1_153' title='bbox 70 2199 72 2204; x_wconf 88' lang='lat'><em>.</em></span> <span class='ocrx_word' id='word_1_154' title='bbox 109 2155 143 2211; x_wconf 91' lang='lat' dir='ltr'>ut</span> <span class='ocrx_word' id='word_1_155' title='bbox 169 2147 329 2230; x_wconf 87' lang='lat' dir='ltr'>sepeliret,</span> <span class='ocrx_word' id='word_1_156' title='bbox 352 2146 471 2211; x_wconf 83' lang='lat' dir='ltr'>frustra</span> <span class='ocrx_word' id='word_1_157' title='bbox 493 2145 705 2229; x_wconf 87' lang='lat' dir='ltr'>quaesivisse.</span> 
     </span>
    </p>

    <p class='ocr_par' dir='ltr' id='par_1_4' title="bbox 108 2247 1228 2943">
     <span class='ocr_line' id='line_1_19' title="bbox 216 2247 1226 2332; baseline 0 -18"><span class='ocrx_word' id='word_1_158' title='bbox 216 2250 310 2314; x_wconf 87' lang='lat' dir='ltr'>Nunc</span> <span class='ocrx_word' id='word_1_159' title='bbox 336 2248 376 2313; x_wconf 88' lang='lat' dir='ltr'>ad</span> <span class='ocrx_word' id='word_1_160' title='bbox 399 2247 534 2312; x_wconf 89' lang='lat' dir='ltr'>alteram</span> <span class='ocrx_word' id='word_1_161' title='bbox 558 2247 715 2332; x_wconf 88' lang='lat' dir='ltr'>propositi</span> <span class='ocrx_word' id='word_1_162' title='bbox 743 2255 867 2328; x_wconf 83' lang='lat' dir='ltr'>partem</span> <span class='ocrx_word' id='word_1_163' title='bbox 891 2247 1053 2314; x_wconf 85' lang='lat' dir='ltr'>transiens</span> <span class='ocrx_word' id='word_1_164' title='bbox 1076 2267 1131 2314; x_wconf 88' lang='lat' dir='ltr'>eos</span> <span class='ocrx_word' id='word_1_165' title='bbox 1152 2249 1226 2315; x_wconf 88' lang='lat' dir='ltr'>Silii</span> 
     </span>
     <span class='ocr_line' id='line_1_20' title="bbox 108 2347 1226 2433; baseline 0.004 -19"><span class='ocrx_word' id='word_1_166' title='bbox 108 2349 263 2415; x_wconf 89' lang='lat' dir='ltr'>librorum</span> <span class='ocrx_word' id='word_1_167' title='bbox 296 2351 392 2430; x_wconf 90' lang='lat' dir='ltr'>tertii,</span> <span class='ocrx_word' id='word_1_168' title='bbox 426 2350 540 2433; x_wconf 89' lang='lat' dir='ltr'>quarti,</span> <span class='ocrx_word' id='word_1_169' title='bbox 574 2349 676 2433; x_wconf 88' lang='lat' dir='ltr'>quinti</span> <span class='ocrx_word' id='word_1_170' title='bbox 710 2347 798 2413; x_wconf 93' lang='lat' dir='ltr'>locos</span> <span class='ocrx_word' id='word_1_171' title='bbox 823 2348 1005 2432; x_wconf 84' lang='lat' dir='ltr'>aggrediar,</span> <span class='ocrx_word' id='word_1_172' title='bbox 1039 2351 1152 2433; x_wconf 90' lang='lat' dir='ltr'>quibus</span> <span class='ocrx_word' id='word_1_173' title='bbox 1175 2371 1226 2418; x_wconf 91' lang='lat' dir='ltr'>res</span> 
     </span>
     <span class='ocr_line' id='line_1_21' title="bbox 109 2451 1228 2534; baseline 0.003 -18"><span class='ocrx_word' id='word_1_174' title='bbox 109 2451 185 2516; x_wconf 88' lang='lat' dir='ltr'>belli</span> <span class='ocrx_word' id='word_1_175' title='bbox 219 2452 332 2517; x_wconf 91' lang='lat' dir='ltr'>Punici</span> <span class='ocrx_word' id='word_1_176' title='bbox 365 2453 499 2518; x_wconf 87' lang='lat' dir='ltr'>secundi</span> <span class='ocrx_word' id='word_1_177' title='bbox 539 2454 624 2517; x_wconf 90' lang='lat' dir='ltr'>inter</span> <span class='ocrx_word' id='word_1_178' title='bbox 657 2451 835 2534; x_wconf 84' lang='lat' dir='ltr'>Saguntum</span> <span class='ocrx_word' id='word_1_179' title='bbox 874 2460 1002 2534; x_wconf 84' lang='lat' dir='ltr'>captum</span> <span class='ocrx_word' id='word_1_180' title='bbox 1036 2460 1067 2517; x_wconf 90' lang='lat' dir='ltr'>et</span> <span class='ocrx_word' id='word_1_181' title='bbox 1094 2453 1228 2520; x_wconf 88' lang='lat' dir='ltr'>cladem</span> 
     </span>
     <span class='ocr_line' id='line_1_22' title="bbox 111 2552 1227 2622; baseline 0.003 -4"><span class='ocrx_word' id='word_1_182' title='bbox 111 2553 264 2618; x_wconf 86' lang='lat' dir='ltr'>Romanis</span> <span class='ocrx_word' id='word_1_183' title='bbox 283 2553 325 2617; x_wconf 91' lang='lat' dir='ltr'>ad</span> <span class='ocrx_word' id='word_1_184' title='bbox 342 2555 603 2621; x_wconf 83' lang='lat' dir='ltr'>Trasumennum</span> <span class='ocrx_word' id='word_1_185' title='bbox 626 2553 750 2617; x_wconf 83' lang='lat' dir='ltr'>illatam</span> <span class='ocrx_word' id='word_1_186' title='bbox 773 2552 954 2618; x_wconf 89' lang='lat' dir='ltr'>incidentes</span> <span class='ocrx_word' id='word_1_187' title='bbox 978 2562 1009 2619; x_wconf 91' lang='lat' dir='ltr'>et</span> <span class='ocrx_word' id='word_1_188' title='bbox 1032 2573 1108 2619; x_wconf 88' lang='lat' dir='ltr'>vero</span> <span class='ocrx_word' id='word_1_189' title='bbox 1131 2555 1227 2622; x_wconf 89' lang='lat' dir='ltr'>histo·</span> 
     </span>
     <span class='ocr_line' id='line_1_23' title="bbox 113 2653 1226 2723; baseline 0.004 -5"><span class='ocrx_word' id='word_1_190' title='bbox 113 2655 197 2719; x_wconf 78' lang='lat' dir='ltr'>ricae</span> <span class='ocrx_word' id='word_1_191' title='bbox 220 2655 433 2720; x_wconf 89' lang='lat' dir='ltr'>continentur.</span> <span class='ocrx_word' id='word_1_192' title='bbox 474 2653 629 2721; x_wconf 63' lang='lat' dir='ltr'>‘Attamen</span> <span class='ocrx_word' id='word_1_193' title='bbox 662 2653 770 2718; x_wconf 87' lang='lat' dir='ltr'>statim</span> <span class='ocrx_word' id='word_1_194' title='bbox 792 2656 843 2718; x_wconf 85' lang='lat' dir='ltr'>ab</span> <span class='ocrx_word' id='word_1_195' title='bbox 877 2655 969 2719; x_wconf 93' lang='lat' dir='ltr'>initio</span> <span class='ocrx_word' id='word_1_196' title='bbox 1003 2673 1152 2720; x_wconf 90' lang='lat' dir='ltr'>moneam</span> <span class='ocrx_word' id='word_1_197' title='bbox 1176 2656 1226 2723; x_wconf 88' lang='lat' dir='ltr'>bis</span> 
     </span>
     <span class='ocr_line' id='line_1_24' title="bbox 113 2755 1226 2842; baseline 0.003 -22"><span class='ocrx_word' id='word_1_198' title='bbox 113 2775 233 2841; x_wconf 88' lang='lat' dir='ltr'>quoque</span> <span class='ocrx_word' id='word_1_199' title='bbox 266 2758 384 2823; x_wconf 89' lang='lat' dir='ltr'>multas</span> <span class='ocrx_word' id='word_1_200' title='bbox 418 2778 470 2824; x_wconf 90' lang='lat' dir='ltr'>rcs</span> <span class='ocrx_word' id='word_1_201' title='bbox 502 2756 645 2842; x_wconf 89' lang='lat' dir='ltr'>poeticas</span> <span class='ocrx_word' id='word_1_202' title='bbox 678 2765 712 2820; x_wconf 91' lang='lat' dir='ltr'>et</span> <span class='ocrx_word' id='word_1_203' title='bbox 742 2755 911 2821; x_wconf 81' lang='lat' dir='ltr'>fabulosas</span> <span class='ocrx_word' id='word_1_204' title='bbox 946 2757 1108 2821; x_wconf 86' lang='lat' dir='ltr'>immixtas</span> <span class='ocrx_word' id='word_1_205' title='bbox 1141 2776 1226 2840; x_wconf 87' lang='lat' dir='ltr'>esse,</span> 
     </span>
     <span class='ocr_line' id='line_1_25' title="bbox 113 2858 1227 2943; baseline 0.003 -22"><span class='ocrx_word' id='word_1_206' title='bbox 113 2875 190 2943; x_wconf 86' lang='lat' dir='ltr'>quas</span> <span class='ocrx_word' id='word_1_207' title='bbox 212 2859 251 2922; x_wconf 96' lang='lat' dir='ltr'>ob</span> <span class='ocrx_word' id='word_1_208' title='bbox 275 2859 397 2924; x_wconf 91' lang='lat' dir='ltr'>nullam</span> <span class='ocrx_word' id='word_1_209' title='bbox 424 2859 521 2924; x_wconf 88' lang='lat' dir='ltr'>aliam</span> <span class='ocrx_word' id='word_1_210' title='bbox 545 2877 677 2923; x_wconf 83' lang='lat' dir='ltr'>causum</span> <span class='ocrx_word' id='word_1_211' title='bbox 705 2877 769 2921; x_wconf 91' lang='lat' dir='ltr'>non</span> <span class='ocrx_word' id='word_1_212' title='bbox 792 2859 857 2921; x_wconf 89' lang='lat' dir='ltr'>iam</span> <span class='ocrx_word' id='word_1_213' title='bbox 888 2858 921 2922; x_wconf 92' lang='lat' dir='ltr'>in</span> <span class='ocrx_word' id='word_1_214' title='bbox 949 2859 1055 2941; x_wconf 91' lang='lat' dir='ltr'>priore</span> <span class='ocrx_word' id='word_1_215' title='bbox 1084 2858 1227 2943; x_wconf 88' lang='lat' dir='ltr'>disputa·</span> 
     </span>
    </p>

    <p class='ocr_par' dir='ltr' id='par_1_5' title="bbox 82 2958 1230 3356">
     <span class='ocr_line' id='line_1_26' title="bbox 82 2958 1228 3054; baseline 0.002 -29"><span class='ocrx_word' id='word_1_216' title='bbox 82 3033 85 3038; x_wconf 46' lang='lat'>,</span> <span class='ocrx_word' id='word_1_217' title='bbox 113 2960 207 3026; x_wconf 90' lang='lat' dir='ltr'>tionis</span> <span class='ocrx_word' id='word_1_218' title='bbox 230 2968 321 3043; x_wconf 89' lang='lat' dir='ltr'>parte</span> <span class='ocrx_word' id='word_1_219' title='bbox 345 2962 436 3046; x_wconf 89' lang='lat' dir='ltr'>eieci,</span> <span class='ocrx_word' id='word_1_220' title='bbox 464 2980 559 3044; x_wconf 88' lang='lat' dir='ltr'>quam</span> <span class='ocrx_word' id='word_1_221' title='bbox 583 2959 668 3044; x_wconf 90' lang='lat' dir='ltr'>quod</span> <span class='ocrx_word' id='word_1_222' title='bbox 689 2958 805 3054; x_wconf 86' lang='lat' dir='ltr'>partim</span> <span class='ocrx_word' id='word_1_223' title='bbox 836 2961 875 3023; x_wconf 94' lang='lat' dir='ltr'>ob</span> <span class='ocrx_word' id='word_1_224' title='bbox 903 2966 1006 3024; x_wconf 91' lang='lat' dir='ltr'>artum</span> <span class='ocrx_word' id='word_1_225' title='bbox 1034 2980 1103 3026; x_wconf 91' lang='lat' dir='ltr'>cum</span> <span class='ocrx_word' id='word_1_226' title='bbox 1134 2964 1228 3028; x_wconf 90' lang='lat' dir='ltr'>rebus</span> 
     </span>
     <span class='ocr_line' id='line_1_27' title="bbox 114 3059 1227 3146; baseline 0.001 -18"><span class='ocrx_word' id='word_1_227' title='bbox 114 3082 187 3128; x_wconf 86' lang='lat' dir='ltr'>rere</span> <span class='ocrx_word' id='word_1_228' title='bbox 205 3061 307 3144; x_wconf 85' lang='lat' dir='ltr'>gestis</span> <span class='ocrx_word' id='word_1_229' title='bbox 330 3061 507 3130; x_wconf 82' lang='lat' dir='ltr'>connexum</span> <span class='ocrx_word' id='word_1_230' title='bbox 530 3063 583 3127; x_wconf 87' lang='lat' dir='ltr'>vel</span> <span class='ocrx_word' id='word_1_231' title='bbox 606 3063 645 3128; x_wconf 94' lang='lat' dir='ltr'>ob</span> <span class='ocrx_word' id='word_1_232' title='bbox 668 3060 814 3126; x_wconf 88' lang='lat' dir='ltr'>veritatis</span> <span class='ocrx_word' id='word_1_233' title='bbox 844 3059 970 3146; x_wconf 88' lang='lat' dir='ltr'>quidem</span> <span class='ocrx_word' id='word_1_234' title='bbox 999 3063 1140 3146; x_wconf 87' lang='lat' dir='ltr'>speciem</span> <span class='ocrx_word' id='word_1_235' title='bbox 1163 3085 1227 3130; x_wconf 92' lang='lat' dir='ltr'>non</span> 
     </span>
     <span class='ocr_line' id='line_1_28' title="bbox 114 3162 1230 3251; baseline 0 -21"><span class='ocrx_word' id='word_1_236' title='bbox 114 3185 211 3250; x_wconf 84' lang='lat' dir='ltr'>aeque</span> <span class='ocrx_word' id='word_1_237' title='bbox 244 3166 341 3230; x_wconf 82' lang='lat' dir='ltr'>facile</span> <span class='ocrx_word' id='word_1_238' title='bbox 374 3186 412 3232; x_wconf 84' lang='lat' dir='ltr'>ac</span> <span class='ocrx_word' id='word_1_239' title='bbox 436 3165 529 3232; x_wconf 92' lang='lat' dir='ltr'>modo</span> <span class='ocrx_word' id='word_1_240' title='bbox 560 3166 696 3229; x_wconf 83' lang='lat' dir='ltr'>tractata</span> <span class='ocrx_word' id='word_1_241' title='bbox 728 3162 798 3226; x_wconf 94' lang='lat' dir='ltr'>loco</span> <span class='ocrx_word' id='word_1_242' title='bbox 822 3182 880 3226; x_wconf 90' lang='lat' dir='ltr'>suo</span> <span class='ocrx_word' id='word_1_243' title='bbox 914 3166 1034 3229; x_wconf 90' lang='lat' dir='ltr'>moveri</span> <span class='ocrx_word' id='word_1_244' title='bbox 1068 3174 1230 3251; x_wconf 80' lang='lat' dir='ltr'>poterant,</span> 
     </span>
     <span class='ocr_line' id='line_1_29' title="bbox 115 3267 1057 3356; baseline -0.007 -19"><span class='ocrx_word' id='word_1_245' title='bbox 115 3271 228 3356; x_wconf 87' lang='lat' dir='ltr'>partim</span> <span class='ocrx_word' id='word_1_246' title='bbox 251 3269 361 3336; x_wconf 86' lang='lat' dir='ltr'>brevia</span> <span class='ocrx_word' id='word_1_247' title='bbox 384 3277 416 3334; x_wconf 90' lang='lat' dir='ltr'>ct</span> <span class='ocrx_word' id='word_1_248' title='bbox 438 3270 529 3351; x_wconf 89' lang='lat' dir='ltr'>quasi</span> <span class='ocrx_word' id='word_1_249' title='bbox 556 3267 587 3329; x_wconf 93' lang='lat' dir='ltr'>in</span> <span class='ocrx_word' id='word_1_250' title='bbox 611 3275 796 3332; x_wconf 87' lang='lat' dir='ltr'>transcursu</span> <span class='ocrx_word' id='word_1_251' title='bbox 817 3283 953 3348; x_wconf 87' lang='lat' dir='ltr'>aspersa</span> <span class='ocrx_word' id='word_1_252' title='bbox 975 3275 1057 3332; x_wconf 89' lang='lat' dir='ltr'>sunt.</span> 
     </span>
    </p>
   </div>
   <div class='ocr_carea' id='block_1_4' title="bbox 413 3474 978 3695">
    <p class='ocr_par' dir='ltr' id='par_1_6' title="bbox 413 3474 978 3695">
     <span class='ocr_line' id='line_1_30' title="bbox 481 3474 846 3555; baseline -0.003 -16"><span class='ocrx_word' id='word_1_253' title='bbox 481 3475 553 3555; x_wconf 77' lang='grc' dir='ltr'>,ιιι</span> <span class='ocrx_word' id='word_1_254' title='bbox 579 3475 668 3538; x_wconf 86' lang='lat'>1-4.</span> <span class='ocrx_word' id='word_1_255' title='bbox 715 3474 846 3539; x_wconf 85' lang='lat'>14-60.</span> 
     </span>
     <span class='ocr_line' id='line_1_31' title="bbox 413 3583 978 3695; baseline -0.007 -26"><span class='ocrx_word' id='word_1_256' title='bbox 413 3597 572 3670; x_wconf 75' lang='lat' dir='ltr'>Hannibal</span> <span class='ocrx_word' id='word_1_257' title='bbox 595 3596 735 3695; x_wconf 14' lang='lat' dir='ltr'>llud-lbos</span> <span class='ocrx_word' id='word_1_258' title='bbox 757 3598 922 3668; x_wconf 78' lang='lat' dir='ltr'>vomatur.</span> <span class='ocrx_word' id='word_1_259' title='bbox 976 3583 978 3588; x_wconf 71' lang='grc'><em>’</em></span> 
     </span>
    </p>
   </div>
   <div class='ocr_carea' id='block_1_5' title="bbox 120 3732 1229 3922">
    <p class='ocr_par' dir='ltr' id='par_1_7' title="bbox 120 3732 1229 3922">
     <span class='ocr_line' id='line_1_32' title="bbox 133 3732 1229 3823; baseline -0.004 -19"><span class='ocrx_word' id='word_1_260' title='bbox 133 3765 135 3774; x_wconf 92' lang='grc'><strong><em>·</em></strong></span> <span class='ocrx_word' id='word_1_261' title='bbox 218 3741 330 3823; x_wconf 89' lang='lat' dir='ltr'>ltaque</span> <span class='ocrx_word' id='word_1_262' title='bbox 352 3747 386 3803; x_wconf 94' lang='lat' dir='ltr'>ut</span> <span class='ocrx_word' id='word_1_263' title='bbox 408 3740 449 3803; x_wconf 85' lang='lat' dir='ltr'>ad</span> <span class='ocrx_word' id='word_1_264' title='bbox 472 3753 524 3804; x_wconf 87' lang='lat' dir='ltr'>res</span> <span class='ocrx_word' id='word_1_265' title='bbox 546 3739 636 3821; x_wconf 88' lang='lat' dir='ltr'>ipsas</span> <span class='ocrx_word' id='word_1_266' title='bbox 658 3735 895 3822; x_wconf 82' lang='lat' dir='ltr'>perveniamus,</span> <span class='ocrx_word' id='word_1_267' title='bbox 922 3732 1061 3817; x_wconf 88' lang='lat' dir='ltr'>primum</span> <span class='ocrx_word' id='word_1_268' title='bbox 1089 3732 1127 3797; x_wconf 92' lang='lat' dir='ltr'>in.</span> <span class='ocrx_word' id='word_1_269' title='bbox 1148 3734 1229 3800; x_wconf 89' lang='lat' dir='ltr'>libro</span> 
     </span>
     <span class='ocr_line' id='line_1_33' title="bbox 120 3833 1228 3922; baseline -0.005 -15"><span class='ocrx_word' id='word_1_270' title='bbox 120 3842 208 3908; x_wconf 89' lang='lat' dir='ltr'>tertio</span> <span class='ocrx_word' id='word_1_271' title='bbox 242 3841 341 3907; x_wconf 85' lang='lat' dir='ltr'>Silius</span> <span class='ocrx_word' id='word_1_272' title='bbox 376 3841 592 3905; x_wconf 87' lang='lat' dir='ltr'>Hannibalem</span> <span class='ocrx_word' id='word_1_273' title='bbox 626 3844 701 3922; x_wconf 90' lang='lat' dir='ltr'>post</span> <span class='ocrx_word' id='word_1_274' title='bbox 733 3838 910 3920; x_wconf 84' lang='lat' dir='ltr'>Saguntum</span> <span class='ocrx_word' id='word_1_275' title='bbox 945 3833 1085 3900; x_wconf 89' lang='lat' dir='ltr'>deletum</span> <span class='ocrx_word' id='word_1_276' title='bbox 1121 3836 1228 3902; x_wconf 84' lang='lat' dir='ltr'>Gades</span> 
     </span>
    </p>
   </div>
   <div class='ocr_carea' id='block_1_6' title="bbox 119 4019 325 4029">
    <p class='ocr_par' dir='ltr' id='par_1_8' title="bbox 119 4019 325 4029">
     <span class='ocr_line' id='line_1_34' title="bbox 119 4019 325 4029; baseline -0.015 -1"><span class='ocrx_word' id='word_1_277' title='bbox 119 4019 325 4029; x_wconf 76' lang='grc'>--..-.......</span> 
     </span>
    </p>
   </div>
   <div class='ocr_carea' id='block_1_7' title="bbox 121 4089 1232 4264">
    <p class='ocr_par' dir='ltr' id='par_1_9' title="bbox 121 4089 1232 4264">
     <span class='ocr_line' id='line_1_35' title="bbox 220 4089 1232 4190; baseline -0.005 -32"><span class='ocrx_word' id='word_1_278' title='bbox 220 4103 248 4172; x_wconf 88' lang='grc'>1)</span> <span class='ocrx_word' id='word_1_279' title='bbox 267 4102 410 4173; x_wconf 86' lang='lat' dir='ltr'>,Sollemne</span> <span class='ocrx_word' id='word_1_280' title='bbox 435 4106 528 4158; x_wconf 85' lang='lat' dir='ltr'>autem</span> <span class='ocrx_word' id='word_1_281' title='bbox 555 4113 694 4172; x_wconf 79' lang='lat' dir='ltr'>usurpare</span> <span class='ocrx_word' id='word_1_282' title='bbox 719 4099 754 4153; x_wconf 90' lang='lat' dir='ltr'>ad</span> <span class='ocrx_word' id='word_1_283' title='bbox 781 4092 952 4168; x_wconf 78' lang='lat' dir='ltr'>propositum</span> <span class='ocrx_word' id='word_1_284' title='bbox 971 4097 1059 4166; x_wconf 86' lang='lat' dir='ltr'>poetis</span> <span class='ocrx_word' id='word_1_285' title='bbox 1072 4089 1232 4190; x_wconf 60' lang='lat' dir='ltr'>bistonios?</span> 
     </span>
     <span class='ocr_line' id='line_1_36' title="bbox 121 4191 1220 4264; baseline -0.003 -16"><span class='ocrx_word' id='word_1_286' title='bbox 121 4191 221 4264; x_wconf 81' lang='lat' dir='ltr'>(Barth.</span> <span class='ocrx_word' id='word_1_287' title='bbox 241 4191 275 4246; x_wconf 85' lang='lat' dir='ltr'>ad</span> <span class='ocrx_word' id='word_1_288' title='bbox 294 4193 361 4250; x_wconf 80' lang='lat' dir='ltr'>sur.</span> <span class='ocrx_word' id='word_1_289' title='bbox 381 4191 465 4248; x_wconf 87' lang='lat' dir='ltr'>Theb.</span> <span class='ocrx_word' id='word_1_290' title='bbox 485 4191 520 4259; x_wconf 91' lang='lat'>11,</span> <span class='ocrx_word' id='word_1_291' title='bbox 539 4191 611 4260; x_wconf 79' lang='lat'><strong>258.)</strong></span> <span class='ocrx_word' id='word_1_292' title='bbox 1218 4211 1220 4216; x_wconf 94' lang='lat'>·</span> 
     </span>
    </p>
   </div>
   <div class='ocr_carea' id='block_1_8' title="bbox 973 4259 1053 4340">
    <p class='ocr_par' dir='ltr' id='par_1_10' title="bbox 973 4259 1053 4340">
     <span class='ocr_line' id='line_1_37' title="bbox 973 4259 1053 4340; baseline 0 -76"><span class='ocrx_word' id='word_1_293' title='bbox 973 4259 1053 4340; x_wconf 39' lang='grc' dir='ltr'>Ἦ</span> 
     </span>
    </p>
   </div>
   <div class='ocr_carea' id='block_1_9' title="bbox 0 0 1494 4718">
    <p class='ocr_par' dir='ltr' id='par_1_11' title="bbox 0 0 1494 4718">
     <span class='ocr_line' id='line_1_38' title="bbox 0 0 1494 4718; baseline 0 0"><span class='ocrx_word' id='word_1_294' title='bbox 0 0 1494 4718; x_wconf 95' lang='lat' dir='ltr'> </span> 
     </span>
    </p>
   </div>
  </div>
 </body>
</html>
