2936 4718
660 325 700 390 15

125 508 281 584 historici,
303 509 405 590 affert,
429 508 578 592 quamvis
601 508 747 576 columba
774 508 857 573 inter
879 505 963 571 tauri
986 524 1105 573 cornua
1128 505 1246 572 sedens

128 623 161 680 et
183 613 223 678 de
245 613 315 677 eius
343 609 451 693 capite
473 610 653 676 vaticinans
681 611 758 694 (684
779 607 862 694 sqq.)
891 626 1044 691 nusquam
1075 609 1152 674 alibi
1182 608 1247 674 nisi

124 716 158 781 in
183 733 312 798 gemma
328 711 490 797 reperiri1)
506 719 541 777 et
554 731 665 778 sacrae
680 711 803 777 arboris
819 711 1078 776 commemoratio
1094 713 1154 788 (rs.
1169 711 1244 794 691)

127 836 167 882 ex
189 813 324 880 confusa
347 833 419 878 oum
443 814 529 878 cultu
544 813 722 879 Dodonaeo
745 811 900 877 memoria
916 813 978 878 hnc
992 811 1151 876 translata
1172 830 1246 878 esse

125 917 283 984 videatur.
328 916 433 980 Deum
459 924 622 1000 postremo
649 916 830 980 Poenorum
862 914 991 998 incepto
1023 913 1164 979 adnuere
1184 914 1245 999 (vs.

126 1020 189 1086 696
212 1019 295 1102 sqq.)
317 1027 359 1096 et,
383 1017 449 1083 iam
471 1017 513 1082 ad
530 1016 660 1084 Cannas
683 1015 774 1082 clade
790 1017 1007 1081 Romanorum
1030 1015 1246 1081 nobilitandas

125 1127 398 1205 prospectantem,
421 1119 529 1184 animo
550 1118 747 1205 praecipere,
770 1117 922 1199 quemad
939 1117 1066 1183 modum
1082 1117 1245 1183 Hannibal

124 1224 289 1288 Romanos
319 1241 375 1306 per
405 1229 506 1286 totam
528 1222 628 1286 vitam
657 1221 853 1284 exerciturus
878 1227 911 1285 et
932 1219 1160 1284 sollicitaturus
1195 1220 1245 1300 sit,

126 1333 161 1391 ut
180 1345 215 1389 re
237 1343 316 1389 vera
338 1323 423 1403 iecit,
447 1332 701 1389 cousentaneum
725 1331 783 1389 est.

564 1531 623 1613 ιιι,
646 1532 804 1599 61-157.

358 1635 516 1706 Hannibal
541 1637 670 1724 corrupi
694 1636 828 1724 illicque
850 1637 1016 1709 valedicit.

232 1768 341 1834 Altero
365 1786 509 1848 excursu,
539 1787 632 1850 quem
660 1767 760 1833 libere
787 1776 884 1852 poeta
918 1767 1053 1847 effinxit,
1083 1763 1246 1830 Hannibal

128 1871 256 1952 coniugi
289 1878 320 1934 et
352 1868 453 1936 filiolo
475 1869 663 1936 valedicens
697 1869 857 1934 inducitur
889 1871 960 1953 (Sil.
983 1871 1040 1952 III,
1073 1865 1245 1950 61—157).

130 1971 190 2037 (lui
211 1971 386 2036 narrationi
408 1970 567 2054 quomodo
590 1971 820 2055 Heynacherns
843 1970 988 2057 (disset
1011 1991 1117 2053 progr.
1132 1990 1162 2052 p.
1179 1969 1244 2052 18.)

130 2073 238 2139 inesse
269 2072 438 2158 quicquam
468 2093 566 2138 verae
596 2072 749 2138 historiae
772 2073 902 2138 eredere
925 2073 1038 2155 possit,
1067 2071 1172 2137 fateor
1194 2091 1246 2135 me

128 2199 193 2244 non
226 2177 426 2260 intellegere,
459 2175 586 2240 etiamsi
620 2182 861 2258 argumentum,
895 2194 956 2258 quo
988 2174 1179 2240 Kortuem
1211 2172 1245 2235 in
1366 2241 1370 2252 ,

127 2280 361 2364 disceptatione
383 2279 472 2358 ,tiber
500 2277 558 2341 das
580 2277 792 2360 gleichartige
821 2277 886 2342 und
916 2274 1145 2342 ahweiohende
1168 2273 1245 2338 Ele-

127 2391 216 2447 ment
242 2382 301 2447 der
328 2379 677 2464 spanisoh-r'dmischen
701 2378 947 2445 Dichtersohule
973 2379 1006 2442 in
1029 2377 1086 2441 der
1109 2377 1246 2441 aweiten

125 2483 239 2548 Hdlste
268 2483 326 2548 dea
350 2492 458 2547 ersten
480 2481 717 2549 Jahrhunderta
741 2502 771 2545 n.
796 2481 879 2547 Chr!
916 2481 1072 2564 inscripta
1106 2487 1138 2543 et
1165 2478 1246 2543 libro

127 2585 283 2668 eiusdem,
307 2585 356 2649 cni
373 2604 489 2649 nomen
512 2590 562 2648 est
577 2582 839 2665 ,geschichtliehe
854 2579 1104 2664 Forsohnngen’,
1126 2581 1249 2645 inserta

125 2709 157 2773 p.
180 2689 242 2753 232
265 2686 362 2751 fidem
385 2686 417 2750 ei
439 2687 595 2767 abrogare
630 2686 747 2765 studet,
782 2687 900 2769 quippe
922 2684 1005 2769 quod
1029 2686 1143 2767 siquis
1159 2684 1246 2749 Han-

126 2789 268 2854 nibalem
292 2789 460 2870 coniugem
484 2787 693 2871 liberosque²)
720 2789 871 2852 habuisse
894 2797 994 2872 putet,
1024 2788 1245 2869 refragaturus

127 2891 170 2956 sit
199 2891 283 2964 ,dem
306 2890 525 2955 vereinzelten
555 2889 749 2974 (isolierten)
773 2887 953 2954 Charakter
983 2890 1040 2954 des
1066 2887 1246 2973 punischen

127 2993 254 3057 Helden
278 2991 342 3056 und
367 2990 429 3054 den
458 2990 596 3056 darttber
619 2991 847 3057 vorhandenen
871 2991 1091 3074 Zeugnisaen',
1119 2989 1248 3055 etiamsi

125 3095 187 3160 hoc
210 3102 442 3177 argumentum,
465 3093 606 3176 inquam,
629 3093 875 3159 fallacissimum
890 3102 949 3158 est.
981 3093 1046 3160 Sed
1061 3095 1125 3159 iam
1145 3093 1247 3157 obiter

128 3205 252 3261 tantum
277 3196 336 3261 hos
364 3215 477 3260 versus
499 3195 718 3277 perlustranti,
747 3206 836 3278 puto,
865 3196 987 3260 montio
1009 3195 1136 3279 pulchri
1157 3195 1244 3260 illius

128 3319 170 3362 an
193 3299 298 3363 dicam
313 3297 517 3381 pulcherrimi
533 3295 653 3361 Iliados
677 3296 749 3376 loci,
773 3318 835 3381 qno
858 3298 1008 3364 Hector
1031 3307 1071 3362 et
1090 3296 1245 3362 Andro·

125 3399 259 3465 macho
287 3400 347 3463 sibi
370 3399 498 3464 obviam
525 3398 606 3462 finnt
637 3398 682 3481 (Z
704 3399 887 3476 390-502)
921 3399 998 3466 inici
1031 3409 1064 3464 ct
1096 3400 1269 3481 cogitatio.

127 3501 254 3567 obtrudi
276 3501 381 3577 debet,
415 3500 529 3566 Silium
564 3501 694 3565 mutatis
729 3502 889 3568 mutandis
920 3523 984 3566 non
1012 3521 1080 3566 rem
1103 3501 1245 3567 fontibus

125 3747 255 3818 probatur
278 3745 349 3801 forte
374 3746 417 3800 nil
440 3762 500 3801 asse
518 3747 681 3801 mutandum
701 3751 729 3801 et
747 3751 864 3816 poetam,
888 3764 942 3802 non
960 3747 1109 3812 librarium,
1128 3748 1245 3801 inscium

124 3837 155 3890 in
174 3852 289 3891 emerem
307 3835 445 3890 incidisse.

233 3923 262 3994 1)
280 3925 322 3979 vd.
348 3922 477 3995 figuram,
505 3940 586 3993 qnam
611 3922 848 3980 Drakenborohius
870 3925 936 3980 hnic
962 3926 1021 3980 lceo
1046 3923 1245 3994 appingendam

124 4013 237 4071 curarit.

233 4099 261 4171 2)
279 4102 352 4157 Uxor
375 4105 405 4157 ab
428 4102 502 4157 filius
525 4103 691 4158 Hannibalis
717 4108 825 4175 praeter
848 4103 937 4158 locum
965 4105 1029 4159 libri
1056 4101 1144 4173 quarti
1170 4098 1245 4155 infra

124 4190 299 4246 tractandum
318 4191 400 4246 etiam
418 4190 496 4259 XIll,
515 4192 568 4248 879
588 4196 616 4247 et
632 4192 720 4258 XVII,
740 4195 793 4250 334
811 4209 828 4246 a
846 4192 912 4246 Silio
932 4193 1184 4249 commemorantur.
