2908 4724
610 325 669 390 101

53 511 239 596 superiore
278 529 347 575 non
381 520 446 575 tam
481 516 605 574 remota
636 507 778 590 ridetur,
813 516 847 573 nt
879 527 942 573 non
971 506 1070 572 Silius
1103 506 1200 590 paulo

53 613 223 678 audacius
258 611 444 693 ,Breucum'
471 611 512 676 ad
545 609 818 676 denominandum
849 609 975 675 Gallum
999 607 1198 693 Cisalpinam

54 714 220 780 adhibere
246 715 403 796 potuerit.
439 713 533 777 Lari
557 731 685 791 nomen,
707 711 792 794 quod
815 711 846 776 in
878 710 1023 778 versibus
1051 709 1105 788 lV,
1137 711 1202 776 234

54 824 86 880 et
109 816 206 892 XVI,
231 817 283 880 47
310 815 472 882 invenitur
496 823 527 880 et
547 814 595 879 bis
617 832 774 879 consensu
805 813 950 878 codicum
972 809 1023 876 11⁸·
1046 811 1082 877 F.
1103 809 1141 876 0.
1164 811 1200 875 V.

56 918 224 1000 firmatur,
254 917 324 982 etsi
346 917 447 982 altero
470 917 539 982 loco
562 915 670 998 palam
693 915 854 982 Cantabro
882 915 1011 996 inditur,
1042 932 1105 978 non
1129 933 1200 996 pro·

59 1023 164 1102 priam
206 1019 381 1102 gentilicii
418 1019 481 1083 vim
515 1018 633 1083 habere
668 1019 814 1084 arbitror.
858 1018 969 1101 Neque
1003 1017 1090 1084 enim
1119 1018 1152 1081 id
1180 1038 1201 1082 a

65 1120 191 1189 Graeca
224 1139 326 1202 voce,
358 1139 440 1204 qnae
472 1129 524 1185 est
550 1115 651 1206 λάρος
677 1128 710 1184 et
738 1139 885 1186 voracem
921 1139 1014 1185 arem
1041 1119 1199 1184 marinam

63 1223 158 1305 valet,
197 1223 331 1288 ducere
363 1241 486 1288 vereor.
532 1221 666 1287 Scilicet
698 1241 896 1287 consuevere
930 1220 1061 1304 saepius
1085 1227 1201 1305 poetae

60 1324 173 1389 Latini
197 1323 411 1410 appellativa
437 1324 563 1389 Graeca
595 1343 653 1408 pro
687 1323 869 1389 nominibus
900 1323 1039 1408 propriis
1072 1342 1199 1406 ponere,

61 1446 159 1508 quern
185 1445 322 1492 morem
343 1425 501 1509 imprimis
525 1425 610 1508 apud
634 1425 771 1491 Statium
794 1426 971 1508 observari,
994 1445 1096 1508 aquo
1120 1443 1147 1490 e.
1167 1445 1199 1508 g.

63 1527 165 1592 Theb.
192 1529 255 1611 Vl,
282 1529 345 1594 463
372 1547 471 1611 equus
494 1523 649 1607 ,Ascheti’
688 1528 817 1592 nomine
851 1527 1016 1611 praeditus
1049 1527 1200 1612 (ἄσχετος

63 1629 283 1712 indomitus),
306 1629 362 1708 IX,
383 1630 445 1694 281
470 1627 625 1712 ,Agyrtes'
650 1625 809 1716 (ἁγυρτής
838 1629 934 1695 homo
957 1650 1069 1713 vagus,
1099 1629 1199 1693 circu-

66 1730 176 1815 lator),
200 1731 246 1816 X,
275 1732 338 1798 682
360 1732 506 1814 ‚Agreus'
529 1727 659 1815 (ἀγρεύς
681 1739 833 1812 captator,
857 1731 1016 1816 venator.)
1037 1731 1078 1795 al.
1102 1730 1200 1795 intro·

67 1831 239 1898 ducuntur.
292 1833 384 1911 Quod
418 1832 460 1896 ad
485 1832 747 1914 Lepontioum
781 1833 840 1914 (rs.
870 1830 948 1917 235)
981 1832 1105 1907 attinet,
1134 1833 1200 1898 iam

70 1933 249 2018 Rupertius
285 1935 326 1998 ad
349 1933 502 2017 populum
524 1934 677 2017 Alpinum
701 1935 933 2018 Leponticrum
955 1942 1199 2018 provocaverat,

73 2038 194 2120 etquis
221 2035 356 2119 estqui
381 2036 505 2100 nesciat
538 2039 619 2120 parti
643 2036 773 2119 Alpium
804 2036 865 2100 hcc
895 2053 1012 2098 nomen
1041 2036 1139 2100 etiam
1168 2035 1201 2100 in

77 2140 320 2204 commentariis
346 2139 599 2224 geographorum
616 2137 716 2203 nostri
732 2137 804 2202 acri
820 2136 1039 2220 adhaerere.¹)
1075 2137 1200 2202 Batus

79 2235 210 2324 denique
236 2246 306 2326 (vs.
328 2241 405 2324 239)
435 2243 522 2308 recle
553 2240 766 2307 aVinccntio
796 2238 836 2303 de
858 2239 922 2304 vit.
951 2238 983 2302 in
1014 2244 1070 2303 tot.
1093 2237 1199 2302 Latin.

75 2357 175 2407 onom.
201 2345 220 2410 1
245 2342 424 2408 secundnm
447 2342 592 2425 regulam
615 2342 708 2407 modo
732 2350 850 2406 tactam
868 2362 888 2404 a
905 2341 1029 2406 Graeco
1043 2338 1200 2404 vocabulo

75 2438 207 2527 ,ldrog2y
234 2453 374 2526 sentem,
397 2444 525 2530 spinam
547 2445 750 2528 significante
771 2462 842 2507 mea
858 2441 1021 2508 sententia
1036 2442 1201 2525 repetitur.

426 2633 480 2712 1v,
503 2621 681 2698 ‹tac-car.
724 2629 787 2697 cca
811 2648 858 2711 sq.

328 2845 330 2850 ,
372 2753 483 2841 Pruna
504 2755 545 2824 ad
568 2753 718 2824 Trebiam
740 2751 928 2824 conmissa.

185 2892 258 2957 lam
291 2893 332 2957 ad
365 2912 507 2976 pugnam
540 2894 625 2977 apud
652 2893 803 2957 Trebiam
838 2888 1042 2955 commissam
1077 2895 1201 2952 vertere

79 3006 134 3054 nos
158 2993 250 3059 licet.
295 2994 404 3077 Scipio
426 3002 531 3060 castra
554 3016 573 3058 a
595 2995 708 3061 Ticino
731 2995 838 3059 movit.
883 2989 1123 3074 Heynacberus‚
1147 2990 1201 3072 qui
1254 3017 1255 3020 ¹

80 3089 111 3153 in
138 3094 369 3162 dissertatione
401 3097 445 3180 (p.
468 3097 510 3162 25
533 3117 577 3180 sq.
606 3118 651 3161 nr.
677 3099 717 3162 14
743 3095 783 3164 cl.
808 3116 837 3178 p.
861 3095 902 3160 29
926 3114 973 3158 nr.
998 3093 1051 3176 17)
1083 3093 1134 3160 bic
1159 3092 1201 3158 de

80 3191 301 3280 discrepantia
329 3199 413 3262 inter
434 3197 561 3262 Livium
593 3211 624 3262 et
646 3199 811 3282 Polybium
843 3195 1062 3262 intercedente
1093 3195 1199 3259 bario·

82 3291 164 3361 latus
189 3307 270 3377 erat,
294 3317 363 3362 cum
390 3299 520 3380 diceret,
548 3299 633 3382 apud
655 3301 824 3383 Polybium
855 3298 987 3364 statim
1016 3304 1049 3360 ct
1071 3296 1200 3361 eadem

83 3408 215 3477 nocte,
252 3400 337 3484 apud
361 3400 487 3464 Livium
516 3415 549 3464 et
571 3403 685 3467 Silium
719 3404 899 3484 proxima
930 3401 1057 3464 demum
1086 3398 1200 3480 pedem

84 3499 204 3567 referre
220 3503 391 3578 Romanos,
407 3502 492 3584 quod
508 3504 587 3567 talia
598 3504 631 3567 in
648 3511 886 3585 programmate
902 3503 1064 3586 oppressit
1076 3539 1112 3548 —
1126 3521 1200 3565 uam

85 3617 196 3668 secure
220 3623 343 3669 summo
367 3603 518 3669 historico
543 3605 666 3670 Graeco
699 3605 911 3686 cogitationes
943 3623 1005 3667 non
1030 3623 1201 3686 expressas

86 3756 296 3770 ’κὴ-

193 3831 221 3900 1)
239 3831 316 3886 Talia
342 3831 453 3886 nomina
480 3831 596 3900 singulis
615 3831 726 3900 Alpium
756 3831 829 3900 iugis
857 3847 873 3884 a
900 3829 1096 3886 recentioribus
1114 3830 1202 3884 indita

90 3927 146 3968 esse
165 3918 242 3974 docet
260 3919 379 3992 Kiopert.
416 3919 558 3974 Lehrbuch
578 3920 625 3975 der
645 3920 719 3974 alten
738 3917 1004 3990 Geographi01878,
1025 3935 1051 3986 p.
1069 3917 1129 3973 372,

130 4065 132 4071 ,
193 4007 221 4077 2)
239 4007 276 4062 Et
292 4009 351 4078 ipso
370 4010 421 4064 hoc
440 4009 571 4062 vocabulo
590 4007 720 4077 Polybius
749 4009 776 4061 in
806 4008 963 4063 enarrandis
988 4006 1105 4070 insidiis,
1134 4021 1201 4073 quas

91 4085 224 4158 Hannibal
255 4099 319 4152 ante
348 4112 467 4167 pugnam
498 4095 571 4166 apud
595 4095 722 4151 Trebiam
754 4095 852 4152 icctmn
883 4099 1029 4162 struxerat,
1061 4112 1126 4150 usus
1158 4099 1202 4148 est

90 4171 137 4243 ΠΙ,
156 4197 178 4237 c.
196 4185 237 4251 71,
257 4185 315 4252 51.
