2936 4718
790 355 833 422 64

252 540 450 624 Bebrycibus
473 559 579 606 sermo
602 539 652 611 sit,
675 540 716 602 de
738 539 909 623 Pyrenaeis
932 559 1033 623 aeque
1054 560 1094 605 ac
1115 540 1230 608 Silius
1259 559 1314 604 vs.
1337 538 1393 602 418

252 642 395 725 ‚Divisos
425 642 526 707 Oeltis
555 641 618 706 late
647 649 832 724 prospectat
860 640 977 706 lberos'
1002 643 1059 722 (sc.
1084 640 1239 726 Pyrene)
1267 639 1393 714 cecinit,

255 739 294 809 τὸ
317 744 351 808 δὲ
368 740 450 828 ,ὅρος
473 747 574 810 τοῦτο
592 743 722 831 χωρίζει
732 741 874 828 Ἰβηρίαν
889 746 943 808 καὶ
959 745 1132 810 Γαλατίαν
1146 743 1297 808 dicitur.
1335 739 1394 806 Sed

252 846 438 928 Pyrenaeos
473 845 610 912 Galliam
645 845 898 929 Hispaniamque
930 845 1116 910 discernere
1147 854 1184 910 et
1223 844 1395 924 Bebryces

256 966 366 1011 eorum
401 966 473 1012 esse
507 947 634 1012 accolas
668 957 763 1031 poeta
792 949 872 1011 citra
901 947 1032 1012 dubium
1058 948 1155 1012 etiam
1192 948 1280 1012 sine
1307 944 1395 1008 libris

256 1048 367 1113 auditu
401 1059 595 1130 compertum
630 1049 748 1113 habuit.
792 1050 903 1132 Itaque
935 1057 969 1113 ut
1006 1049 1184 1113 saltuosum
1226 1047 1395 1114 montium

253 1149 415 1216 deiectum
437 1151 625 1235 ‚Bebryciae
659 1150 740 1216 fines
763 1151 867 1216 aulae’
890 1151 952 1236 (vs.
974 1151 1051 1235 443)
1081 1150 1291 1234 appellaret,
1324 1138 1394 1211 euin

251 1257 352 1318 totam
374 1253 593 1318 narrationem
615 1252 687 1318 aliis
709 1271 802 1336 quam
826 1253 918 1318 Livio
948 1253 1087 1317 fontibus
1115 1252 1393 1336 superstruxisse

252 1353 382 1420 minime
406 1356 561 1437 estquod
585 1363 773 1436 statuamus,
796 1354 859 1418 nisi
881 1355 1008 1437 quidem
1032 1357 1157 1438 ubique,
1180 1353 1391 1438 priusquam

250 1458 383 1522 verbum
406 1460 537 1522 chartae
561 1456 761 1534 inscriberet,
786 1456 911 1522 Livium
935 1456 1054 1521 evolvit
1078 1466 1119 1532 et,
1141 1456 1224 1540 quid
1251 1455 1388 1530 diceret,

250 1559 418 1624 consuluit.
455 1559 571 1622 Verum
590 1557 820 1640 Heynaoherus
842 1558 934 1644 (diss.
959 1578 990 1642 p.
1005 1560 1056 1637 21,
1082 1560 1116 1642 1)
1139 1577 1245 1643 porro
1263 1561 1388 1628 monet

251 1660 337 1742 apud
368 1659 494 1723 Livium
527 1659 627 1744 (XXI,
657 1660 698 1724 26
723 1663 744 1740 ξ
771 1660 805 1742 6)
838 1660 955 1725 Volcas
992 1663 1025 1725 in
1060 1669 1191 1743 utraque
1226 1655 1387 1724 Rhodani

251 1761 332 1843 ripa,
357 1760 442 1842 apud
464 1760 579 1826 Silium
602 1762 633 1824 in
652 1763 762 1827 dextra
777 1770 899 1826 tantum
916 1761 1039 1828 sedere.
1084 1762 1148 1826 Sed
1169 1763 1227 1826 ubi
1247 1760 1386 1826 tandem

251 1861 284 1925 id
323 1863 446 1927 exstat?
491 1862 587 1928 Silius
631 1863 800 1928 Volcarum
838 1865 870 1928 in
908 1863 1019 1928 dextra
1052 1864 1122 1946 ripa
1155 1862 1383 1928 habitantium

251 1963 443 2029 mentionem
465 1965 545 2030 facit
566 1986 613 2031 vs.
635 1967 711 2049 4453
746 1966 803 2032 scd
835 1966 998 2030 sinistram
1027 1986 1084 2030 eos
1107 1986 1171 2031 non
1195 1965 1384 2031 incoluisse

250 2086 314 2130 non
346 2066 432 2131 dicit.
477 2067 546 2132 Hoc
582 2068 653 2150 ipse
686 2069 913 2151 Heynaoherus
951 2077 1063 2151 postea
1095 2067 1315 2151 intellegens,
1351 2071 1381 2128 ut

250 2187 268 2232 e
302 2170 408 2234 verbis
442 2170 687 2252 programmatis
720 2171 765 2254 (p.
788 2172 844 2252 20)
883 2169 1012 2234 mutatis
1050 2180 1196 2252 apparet,
1238 2169 1380 2235 stultum

250 2289 343 2335 suum
387 2279 612 2353 argumentum
655 2272 813 2336 abiecisse
850 2271 985 2336 videtur.
1043 2271 1163 2337 Contra
1206 2271 1304 2355 quod
1348 2269 1378 2333 in

249 2370 476 2436 dissertatione
506 2373 620 2438 Silium
658 2381 747 2436 trans
775 2373 980 2455 Rhodanum,
1013 2373 1066 2437 ubi
1098 2375 1283 2439 secuudum
1326 2372 1379 2436 Li-

249 2471 338 2538 vium
359 2473 459 2557 (XXI,
483 2475 539 2557 28)
566 2493 677 2557 pugna
710 2493 780 2538 cum
803 2475 911 2539 Volcis
935 2475 1022 2538 lacta
1049 2475 1100 2556 sit,
1128 2475 1252 2539 nullum
1288 2493 1376 2538 com·

249 2593 429 2639 memorare
451 2575 606 2658 proelium
629 2575 771 2656 adnotat,
791 2596 829 2641 eo
846 2596 944 2660 usque
960 2577 1048 2640 auxit
1064 2577 1094 2642 in
1115 2577 1375 2660 programmate,

249 2685 284 2740 ut
306 2676 420 2742 Silium
445 2696 596 2761 pugnam,
621 2698 714 2761 quam
737 2679 848 2742 Livius
871 2679 902 2741 in
920 2679 1052 2742 sinistra
1074 2681 1144 2762 ripa
1160 2681 1372 2744 commissam

250 2798 322 2843 csse
339 2781 523 2864 scripserat,
546 2780 578 2845 in
595 2780 738 2844 dextram
755 2781 993 2863 transposuisse
1008 2781 1226 2847 contenderet.
1257 2782 1372 2860 Neque

247 2899 325 2945 cero
362 2883 492 2946 omnino
529 2883 609 2948 haec
646 2903 796 2965 pugna,
837 2901 921 2966 quae
958 2879 1027 2947 solo
1065 2883 1205 2948 ablativo
1240 2880 1370 2947 armis

249 3001 295 3048 vs.
317 2986 381 3049 444
408 2985 628 3065 adumbratur,
659 2985 700 3048 ad
732 2984 887 3067 proelium
917 2999 991 3069 post
1017 2986 1164 3050 Rhodani
1195 2986 1369 3050 transitum

248 3105 268 3149 a
291 3085 381 3149 Livio
404 3086 597 3169 descriptum
619 3095 748 3168 spectat,
772 3086 829 3152 sed
852 3088 958 3168 potius
981 3087 1022 3150 ad
1045 3087 1142 3151 verba
1165 3089 1203 3169 (c.
1226 3091 1269 3154 26
1294 3091 1316 3168 ξ
1337 3083 1369 3158 6)

249 3185 424 3267 ‚Hannibal
447 3187 563 3255 ceteris
586 3195 692 3252 metu
716 3196 770 3251 aut
793 3188 893 3272 pretio
915 3190 1038 3272 pacatis
1060 3189 1124 3252 iam
1148 3191 1179 3252 in
1196 3190 1367 3254 Volcarum

249 3299 441 3372 pervenerat
459 3292 589 3371 agrum',
612 3309 694 3372 quae
715 3290 868 3354 maiorem
892 3290 995 3358 lucem
1019 3291 1179 3373 accipient
1200 3311 1239 3356 ex
1255 3287 1367 3372 Polyb.

249 3392 309 3468 ΙΙΙ,
332 3393 371 3458 41
397 3391 414 3475 θ
439 3392 457 3456 l
482 3387 564 3457 τοὺσ
585 3394 646 3476 μὲν
664 3387 812 3477 χρήμασι
833 3395 949 3468 πείσας
973 3396 1039 3457 τών
1063 3393 1203 3458 Κελτῶν
1229 3390 1310 3466 τοὺς
1334 3387 1366 3450 δέ

247 3491 502 3579 βιασάμενος
539 3497 571 3558 er
605 3494 687 3576 App.
719 3493 826 3565 Hann.
854 3515 880 3559 c.
907 3496 929 3560 4
956 3497 1120 3560 Γαλατῶν
1152 3495 1186 3559 δὲ
1210 3492 1287 3570 τοὺς
1308 3491 1366 3578 μὲν

251 3592 433 3682 ὠνούμενος
477 3591 555 3670 τοὺς
591 3596 624 3660 δὲ
660 3597 807 3671 πείθων,
852 3593 930 3671 τοὺς
971 3597 1004 3661 δὲ
1040 3601 1095 3662 καὶ
1127 3592 1364 3680 βιαζόμενος

250 3693 382 3764 διώδευε
407 3695 467 3776 τὴν
485 3694 607 3782 χώραν.
651 3697 772 3762 Harum
796 3699 894 3780 igitur
915 3698 1085 3778 rationum,
1108 3699 1220 3783 quibus
1244 3692 1362 3762 Hanni·

248 3799 353 3864 halem
378 3800 489 3866 Gallos
513 3795 679 3882 subegisse
714 3799 857 3865 historici
888 3800 1031 3876 tradunt,
1066 3801 1166 3868 Silius
1200 3796 1359 3865 brevitatis

248 3920 346 3968 causa
367 3921 465 3967 unam
493 3903 595 3967 solam
618 3901 761 3984 elegit31)
791 3909 823 3966 ct
854 3901 916 3965 hac
938 3921 1012 3967 cum
1034 3904 1066 3967 in
1091 3903 1237 3967 Voloas
1264 3901 1360 3966 anim*

356 4127 382 4199 1)
401 4129 478 4185 Idem
497 4129 563 4186 facit
582 4127 694 4186 Orosius
712 4129 758 4191 IV,
778 4130 813 4185 14
831 4147 856 4200 p.
870 4129 922 4186 252
941 4129 1054 4184 Havero.
1081 4111 1239 4198 ‚Pyrenaeos
1258 4128 1357 4183 montes

249 4219 441 4288 transgressus
460 4217 533 4274 inber
550 4219 732 4274 ferocissimas
752 4215 891 4274 Gallorum
913 4221 1010 4286 gentes
1036 4217 1128 4272 ferro
1153 4220 1224 4274 riam
1243 4207 1356 4290 apernit?

1441 2617 1443 2722 l

1441 2815 1443 2902 l
