2908 4724
615 291 652 357 71

29 480 183 544 ieiuno
195 477 279 544 haec
288 486 388 561 ponat
399 474 514 565 διόπερ
526 472 611 560 ᾤετο
627 480 695 543 δεῖν
709 472 833 565 ἄνδρας
847 473 1003 560 ἀγαθοὺς
1012 477 1194 560 γίγνεσθαι

38 583 222 647 καὶτῶν
243 576 495 666 προγεγονότων
518 581 621 664 ἔργων
642 577 764 658 ἀξίους.
808 579 892 645 Nam
914 579 1026 660 ‚Nunc
1056 596 1195 659 onunc,

44 681 166 762 socii,
199 681 394 746 dominantis
428 681 557 746 moenia
579 679 701 746 Romae
724 680 853 747 Credite
886 700 944 746 vos
973 696 1194 761 summumque

43 785 85 851 J
89 784 171 848 ovis
209 782 427 850 conscendere
458 783 607 861 culmen',
647 783 754 864 pergit
786 781 949 846 Hannibal
981 780 1089 864 itaque
1123 799 1194 843 cum

53 885 327 966 cogitationibus
361 885 428 950 suis
450 906 470 949 a
490 884 583 951 Livio
607 906 634 948 e.
656 885 698 950 35
720 885 781 968 §9
814 884 861 949 sic
890 884 1023 968 prolatis
1056 881 1196 961 ,moenia

57 994 225 1052 eostam
253 987 481 1052 transcendere
517 1006 580 1052 non
604 987 720 1052 Italiae
749 985 853 1064 modo,
886 985 944 1052 sed
977 985 1076 1050 etiam
1108 982 1196 1048 urbis

57 1087 465 1156 Romae’oonseutientem
486 1107 521 1153 re
544 1096 699 1173 praestat.
734 1089 803 1154 Nec
827 1087 943 1153 frustra
966 1086 1113 1170 promisit
1134 1085 1196 1170 (νε.

54 1189 167 1271 512),
191 1190 274 1255 sicui
296 1191 392 1255 etiam
415 1189 501 1274 apud
516 1190 682 1275 Polybium
704 1190 739 1275 (1.
759 1191 815 1274 o.§
832 1191 887 1273 13)
910 1187 1079 1254 multitudo
1102 1187 1196 1253 laetis

54 1291 101 1356 ei
141 1291 276 1356 vocibus
309 1293 468 1358 acclamat
503 1300 536 1356 et
569 1292 653 1377 apud
686 1292 812 1356 Livium
847 1292 884 1375 (l.
912 1311 938 1356 c.
961 1294 981 1372 ξ
1004 1292 1057 1371 10)
1091 1289 1196 1356 denuo

52 1392 230 1477 progredi
262 1395 385 1476 incipit.
439 1395 611 1458 Praeterea
644 1395 684 1456 ab
718 1393 778 1459 hoo
807 1394 907 1460 Silius
940 1392 1196 1459 coniunctionem

57 1496 258 1576 verborum,
281 1515 362 1579 qnae
376 1502 451 1560 sunt
472 1515 631 1577 ,agmen
653 1495 801 1577 Erigii’
817 1496 880 1582 (νε.
894 1497 967 1562 512.
982 1495 1058 1578 513)
1075 1503 1196 1558 mutua-

62 1607 131 1661 tus
154 1606 212 1672 est,
237 1617 309 1662 cum
331 1597 400 1662 Liv.
425 1619 452 1661 c.
475 1599 517 1664 32
535 1601 555 1678 8
575 1599 595 1664 8
615 1599 762 1680 legamus
786 1597 1059 1680 ,erigentibus
1081 1595 1114 1660 in
1129 1595 1197 1680 pri·

62 1718 149 1763 mos
172 1718 313 1780 agmen
336 1699 486 1780 clivos’.¹)
530 1699 657 1763 Deinde
672 1699 836 1764 Hannibal
851 1718 962 1764 omnes
978 1699 1199 1781 praecessisse

63 1810 108 1864 et
146 1799 186 1863 de
207 1799 275 1867 alta
296 1819 375 1884 rupe
406 1801 448 1864 ad
480 1819 515 1866 se
548 1819 681 1866 vocasse
710 1799 771 1884 (νε.
793 1801 857 1866 516
879 1802 941 1884 sq.)
973 1820 1076 1884 aequo
1104 1799 1199 1865 modo

69 1902 197 1966 dicitnr
217 1921 281 1986 quo
308 1902 394 1984 apud
416 1902 486 1966 Liv.
509 1922 536 1967 o.
558 1904 600 1968 32
621 1906 641 1982 ξ
665 1903 705 1966 13
734 1903 856 1985 primus
883 1923 954 1966 cum
981 1901 1199 1967 audacissimo

71 2022 207 2086 quoque
227 2005 384 2069 exercitos
407 2002 480 2068 loca
502 2004 669 2086 superiora
691 2012 827 2088 occupat
848 2012 881 2068 et
902 2022 929 2069 o.
952 2004 994 2071 35
1016 2005 1034 2088 ᾖ
1053 2005 1073 2070 8
1096 2021 1199 2086 ,prae-

77 2124 215 2188 gressus
236 2106 339 2189 signa'
373 2105 406 2169 in
440 2105 558 2170 montis
585 2125 739 2172 cacumen
763 2105 921 2188 quoddam
945 2108 1091 2171 eminens
1127 2125 1199 2189 pro·

76 2207 190 2272 currit.
232 2208 340 2272 Etiam
363 2207 448 2272 viam
473 2207 577 2272 levem
607 2210 640 2272 ct
667 2207 821 2274 lubricam
843 2206 945 2272 inisse
967 2209 1029 2292 (νε.
1051 2208 1115 2274 518
1140 2207 1200 2292 sq.)

75 2319 112 2373 et
137 2309 247 2374 Livius
270 2309 413 2392 pluribus
435 2308 543 2392 locis')
565 2308 644 2376 dicii
667 2313 700 2374 et
721 2309 871 2394 Polybius
896 2309 981 2376 abb
1002 2310 1064 2393 gd,
1087 2330 1200 2393 quam·

69 2431 177 2494 quam
200 2420 268 2477 tum
290 2411 429 2494 demum,
452 2412 505 2477 nbi
526 2411 566 2475 de
588 2409 747 2476 descensu
769 2420 878 2494 agunt.
923 2410 1044 2477 Contra
1065 2412 1202 2479 militum

79 2513 224 2595 vestigia
257 2513 332 2578 nive
365 2513 538 2597 liquefacta
570 2511 720 2577 demersa
742 2520 775 2576 et
806 2513 895 2596 ipsos
917 2514 1042 2580 nivium
1063 2516 1202 2582 molibus

77 2614 200 2680 delatis
233 2616 363 2680 obrutos
397 2635 470 2680 esse
503 2615 562 2696 (νε.
584 2614 655 2680 521.
679 2613 756 2697 522)
777 2624 890 2679 neuter
922 2615 1050 2698 quidem
1084 2616 1215 2684 diserte·

80 2716 192 2795 tradit,
215 2736 407 2801 quamquam
439 2716 525 2801 apud
547 2716 617 2781 Liv.
641 2737 669 2783 o.
691 2716 733 2782 35
754 2717 772 2800 §
794 2718 815 2782 6
837 2736 883 2800 sq.
916 2717 1011 2798 ,nivis
1033 2720 1137 2784 casus'
1171 2725 1204 2784 et

77 2838 153 2902 ,per
172 2821 281 2883 omnia
302 2820 378 2884 nive
400 2816 560 2902 oppleta⁸)
586 2839 657 2886 oum
683 2874 692 2891 .
715 2871 721 2883 .
745 2869 753 2884 .
776 2837 893 2902 agmen
913 2818 1088 2884 incederet'
1111 2839 1204 2884 occu-

80 2929 162 2986 rnnt
183 2929 216 2986 et
237 2941 264 2990 o.
288 2922 329 2986 36
352 2922 371 3005 ς
392 2921 413 2986 6
435 2939 482 3003 sq.
515 2922 615 3003 ,tabes
649 2921 860 3004 liquescentis
894 2919 988 2985 nivis’
1022 2930 1054 2986 et
1084 2921 1205 3004 ,tabida

79 3023 151 3087 nix’
173 3030 473 3088 commemorantur.
521 3022 601 3086 Inde
634 3032 742 3086 autem
776 3042 849 3087 cnm
876 3022 1089 3106 Heynachero
1123 3022 1142 3088 l.
1176 3046 1205 3089 c.

78 3124 201 3190 Silium
224 3124 304 3189 alios
324 3124 511 3190 adhibuisse
533 3123 640 3189 fontes
662 3124 794 3190 minime
817 3124 965 3190 concludi
988 3131 1104 3208 potest.
1140 3125 1205 3190 Ho-

79 3228 191 3290 mines
225 3225 311 3289 enim
334 3226 366 3289 in
388 3225 525 3309 Alpibus
553 3227 684 3310 saepius
710 3227 839 3293 nivibus
867 3226 1027 3292 devolutis
1056 3228 1147 3292 obrui
1174 3233 1207 3292 et

79 3326 200 3411 perire,
232 3328 302 3393 sine
325 3327 420 3392 dubio
441 3328 560 3393 Romae
590 3328 688 3393 etiam
714 3329 824 3413 pueris
847 3337 957 3393 notum
984 3337 1063 3395 erat.
1108 3327 1206 3407 Quid-

80 3429 171 3510 qnod
187 3428 285 3494 Silius
308 3428 377 3512 ipse
400 3428 483 3493 forte
505 3430 585 3494 talia
606 3429 735 3514 virilu)
778 3430 862 3497 Nam
884 3450 957 3496 cum
978 3430 1042 3494 iam
1062 3429 1206 3514 Polybio,

194 3621 221 3690 1)
240 3621 367 3675 Ceterum
386 3622 438 3675 hoc
455 3619 531 3675 Livio
550 3621 764 3689 frequentatius:
783 3621 817 3676 ci.
836 3640 859 3676 s.
878 3639 906 3691 g.
924 3620 1004 3686 XXV,
1024 3621 1068 3688 36,
1086 3621 1103 3691 ἐ
1121 3622 1146 3676 8.

192 3707 220 3779 2)
239 3709 322 3774 c.35,
342 3709 358 3779 5
377 3711 411 3764 12
430 3713 497 3764 otc.
516 3710 560 3773 36,
580 3710 596 3779 5
615 3711 632 3764 6
651 3727 690 3780 sq.

193 3798 221 3867 3)
241 3796 276 3856 cl.
295 3798 389 3866 Polyb.
409 3813 431 3855 o.
450 3797 494 3861 54,
512 3795 662 3868 §lxu'vos
679 3805 738 3870 περὶ
755 3796 817 3855 τοῖς
840 3795 934 3869 ἄκρους
958 3789 1155 3869 ἆθροιζομένογε
1178 3802 1208 3853 et

91 3901 114 3939 o.
132 3886 174 3952 55,
192 3893 208 3954 8
225 3887 244 3942 8
261 3891 441 3957 ἐπιγινομένης
459 3883 488 3938 δὲ
503 3883 598 3953 χιίνοε.

192 3975 224 4044 4)
242 3974 276 4029 ci.
296 3991 363 4045 quae
382 3975 506 4030 Blassius
534 3975 686 4045 disputavit
712 3993 775 4034 ann.
794 3976 926 4034 Fleckeis.
946 3976 1025 4042 1874,
1053 3993 1079 4045 p.
1097 3977 1151 4032 482
1170 3993 1210 4046 sq.

95 4059 130 4114 lit
146 4063 196 4117 iam
215 4067 320 4118 vetares
341 4063 505 4118 scholiastes
533 4081 734 4134 nonnumquam
762 4064 795 4119 de
823 4063 909 4134 postis
937 4054 1081 4120 αἰτόπταιε
1108 4081 1209 4129 aarum,

98 4153 303 4216 quas‘vorsibus
331 4152 497 4218 describunt,
526 4153 607 4207 rebus
632 4154 771 4222 cogitasse
800 4154 878 4224 potet
905 4169 936 4208 ex
960 4156 1069 4210 vetusta
1087 4153 1211 4211 adstat.
