2908 4724
779 285 840 348 120

253 464 379 530 etiamsi
413 485 475 530 nou
508 466 604 549 plane
631 466 716 531 idern
747 467 936 548 cogitatum,
966 475 1073 532 lamen
1096 467 1261 550 apprime
1287 467 1391 532 simile

252 567 371 631 occurit
391 567 424 630 in
447 567 515 631 his:
553 587 623 649 ,nec
646 568 730 632 enim
754 568 829 633 inde
852 570 904 647 (ex
927 567 1100 650 augustiis)
1129 568 1225 632 votis
1252 579 1312 632 aut
1336 570 1390 630 irn-

252 668 431 751 ploratione
453 669 559 747 deum,
582 668 640 733 sed
665 671 698 735 vi
718 689 758 734 ac
781 671 896 734 virtute
919 668 1119 734 evadendum
1147 672 1252 734 esse’.

358 770 394 834 In
424 789 533 852 pugna
563 770 648 853 ipsa,
672 770 704 834 in
732 771 821 836 cuins
849 771 937 835 initio
965 790 1058 852 quem
1082 771 1233 853 legimus
1260 791 1388 836 versum

251 871 342 950 (189)
387 872 447 948 ,dc
469 873 544 936 tubo
567 871 714 936 terrificis
737 871 834 953 fregit
856 872 1043 938 stridoribus
1066 873 1177 937 auras'
1200 893 1223 936 a
1242 873 1384 936 Weaelio

253 991 315 1036 non
334 973 374 1035 ad
398 982 509 1038 notam
532 973 619 1039 illem
644 973 741 1037 Ennii
764 974 1041 1056 onomatopoeiam
1065 975 1118 1053 ,At
1141 975 1229 1038 tuba
1254 973 1388 1038 terribili

252 1077 359 1138 sonitu
381 1084 580 1140 taratantara
602 1075 688 1141 dixit‘
712 1077 799 1152 (aun.
823 1095 869 1140 vs.
892 1076 979 1156 452),
1001 1075 1193 1142 aVahleno
1221 1076 1312 1140 inter
1335 1075 1386 1153 ,iu-

252 1185 358 1240 certae
382 1178 468 1241 sedis
492 1176 681 1258 fragmenta’
703 1177 850 1260 positam,
872 1177 1007 1242 relatum
1031 1197 1104 1242 esse
1128 1198 1246 1260 paene
1271 1179 1387 1242 miran-

251 1277 325 1342 dum
348 1288 407 1354 est,
430 1279 550 1362 optime
572 1279 697 1356 accidit,
721 1277 804 1359 quod
827 1279 999 1362 scriptores
1022 1281 1084 1358 ipsi
1106 1301 1170 1344 nec
1189 1281 1387 1344 instructam

252 1379 352 1443 aciem
386 1380 586 1444 tradiderunt
619 1399 695 1460 nec,
729 1399 800 1444 curn
827 1382 1020 1463 necopinato
1043 1381 1154 1447 consul
1184 1383 1220 1446 in
1249 1381 1387 1446 insidias

252 1480 394 1556 irrueret,
418 1482 541 1548 tradere
557 1483 687 1546 omnino
703 1482 913 1566 potuerunt31)
928 1483 1068 1566 alioquin
1084 1485 1186 1563 enim,
1206 1485 1288 1568 quin
1303 1483 1382 1564 Hey·

251 1581 410 1646 nacherus
433 1584 542 1665 aliqua
564 1584 779 1667 discrepantis
800 1585 975 1649 observans
995 1585 1242 1673 viamoeleriue
1255 1603 1385 1668 progre-

252 1682 360 1746 diendi
376 1685 469 1749 nobis
484 1687 671 1760 obstrueret,
688 1705 751 1750 non
773 1696 859 1750 esset
873 1686 1012 1751 dubium.
1057 1689 1168 1770 ltaque
1188 1697 1299 1752 restat
1319 1695 1381 1748 tun-

251 1792 327 1857 tum,
367 1796 401 1850 ut
437 1807 656 1870 personarum,
693 1807 773 1872 quas
810 1798 905 1868 poeta
941 1789 973 1852 iu
1011 1789 1071 1852 hac
1100 1790 1266 1854 carminis
1296 1799 1383 1870 parte

251 1898 385 1970 agentes
414 1888 552 1970 induxit,
582 1891 738 1954 rationem
773 1888 943 1968 reddam.²)
989 1890 1131 1972 Equites
1161 1906 1377 1973 praesumen-

252 1990 310 2054 dus
337 1990 462 2055 videtur
485 1992 660 2076 Appius,
689 2011 780 2075 quem
807 2001 904 2072 poeta
933 2011 994 2056 vss.
1018 1993 1191 2058 tos-332
1218 1994 1282 2076 (cf.
1306 1987 1381 2068 373)

251 2092 492 2176 gloriosissimis
516 2094 711 2159 facinoribus
731 2092 844 2158 extulit
866 2101 898 2157 et
917 2097 1021 2176 ipsum
1040 2094 1237 2176 Magonem,
1270 2110 1377 2176 quam·

252 2194 300 2258 vis
333 2194 408 2258 fatis
435 2194 476 2259 ad
511 2197 580 2259 eius
613 2215 725 2260 necem
759 2195 964 2272 destinatum,
998 2196 1162 2279 paululum
1200 2195 1375 2261 tremuisse

250 2298 309 2379 (vs.
331 2297 394 2362 306
418 2297 502 2381 sqq.)
528 2296 629 2362 fiuxit.
673 2298 825 2362 Kortuem
856 2298 940 2362 enim
964 2298 1073 2380 gesclu
1096 2298 1235 2364 Forsch.
1263 2318 1292 2380 p.
1315 2295 1370 2360 231
1433 2333 1434 2359 r

250 2399 445 2480 persuadere
469 2399 529 2464 sibi
556 2419 619 2463 non
643 2399 756 2482 potuit,
791 2400 874 2464 huno
907 2400 1057 2464 iuvenem
1089 2410 1154 2466 tom
1189 2400 1375 2478 luculenter

251 2500 446 2582 descriptum
470 2500 549 2566 solis
572 2511 687 2584 poetae
709 2501 898 2566 commentis
921 2502 1040 2568 deberi.
1075 2503 1140 2568 Sed
1157 2502 1370 2568 Claudiorum
1431 2567 1432 2590 ,

250 2621 341 2684 gens,
364 2602 414 2668 cui
436 2603 600 2686 proprium
623 2602 701 2675 illud
724 2621 919 2685 praenomen
942 2615 1021 2686 erat,
1044 2604 1125 2668 adeo
1140 2605 1268 2688 optime
1285 2601 1326 2665 de
1340 2616 1373 2662 re
1431 2591 1432 2625 ¹

250 2705 379 2788 publica
400 2705 546 2771 Romarm
569 2723 668 2787 saepe
691 2705 815 2782 meruit,
839 2717 872 2769 ut
886 2713 1093 2770 monumento
1116 2707 1156 2770 iis
1173 2704 1371 2770 carminibus

251 2806 432 2887 statuendo,
466 2826 537 2872 cum
566 2827 583 2870 e
615 2807 688 2871 belli
716 2806 827 2872 Punici
859 2806 990 2874 secundi
1026 2820 1170 2890 tempore
1204 2829 1272 2874 non
1310 2801 1366 2868 nisi
1429 2809 1430 2891 t

251 2927 332 2972 nnus
355 2909 478 2992 Appius
500 2908 663 2989 claudius,
686 2909 795 2974 consul
821 2907 898 2972 anni
916 2910 979 2974 212
1001 2930 1028 2973 a.
1052 2909 1137 2991 Chr,
1161 2907 1289 2988 notus⁸l
1312 2919 1368 2969 noc
1428 2999 1429 3025 Χ

357 3161 383 3232 1)
403 3163 460 3220 Pol.
480 3179 501 3220 c.
520 3164 563 3226 84,
582 3159 600 3234 ᾖ
619 3164 696 3219 2-5.
733 3159 1021 3234 ulv.xx11,c.4‚§
1043 3161 1125 3224 ilci.
1145 3179 1168 3220 c.
1188 3164 1213 3223 5,
1234 3157 1253 3234 fi
1274 3160 1310 3227 7).
1427 3109 1428 3159 ¹

356 3253 384 3318 2)
402 3252 525 3307 Breviter
555 3267 640 3320 peuce
669 3253 742 3307 inter
771 3268 801 3306 ee
831 3267 984 3320 comparare
1012 3252 1102 3306 iuret:
1139 3251 1169 3306 Si
1199 3243 1368 3306 Picentes

250 3357 291 3403 vs.
305 3342 357 3397 208
370 3357 427 3412 sqq.
447 3342 546 3413 primi
564 3342 594 3394 in
612 3341 718 3395 hortem
738 3341 855 3408 irruunt,
872 3341 942 3396 torte
960 3340 1005 3396 hic
1023 3341 1172 3396 recordatio
1189 3340 1278 3396 veluit
1295 3333 1366 3388 alae

250 3430 323 3486 illius
351 3430 572 3493 Picentinae,
600 3443 681 3499 quse,
712 3445 774 3484 cum
798 3429 922 3497 legiones
947 3429 1084 3486 Romanae
1109 3445 1126 3483 e
1150 3427 1261 3484 Claudio
1286 3418 1363 3478 Civili
1424 3441 1425 3444 ¹

250 3519 363 3588 eiusque
381 3520 461 3574 sociis
480 3520 604 3574 obsesses
624 3536 653 3573 se
672 3519 817 3582 dedissent,
836 3519 926 3572 occiso
940 3518 1059 3573 Voculae
1073 3519 1159 3586 legati
1171 3516 1361 3583 interemptor-e

242 3609 387 3681 'initium
416 3607 541 3678 expiandi
570 3608 709 3664 dedecoris
741 3606 819 3663 fecit:
850 3607 914 3662 Tac.
937 3606 1003 3664 hist.
1028 3603 1074 3679 tv,
1093 3607 1128 3662 62
1155 3623 1178 3664 v.
1196 3606 1216 3662 f.
1235 3634 1269 3646 -
1288 3598 1359 3666 „Sui”
1412 3645 1414 3653 .

250 3697 365 3751 mittunt
383 3697 483 3765 clipeos
502 3701 612 3752 curvato
630 3697 746 3766 pondere
763 3695 822 3750 teli’
840 3696 890 3762 (vs.
903 3695 976 3763 216).
1001 3695 1033 3752 cl.
1053 3699 1095 3766 ,ut
1108 3738 1114 3750 .
1127 3735 1134 3751 .
1149 3691 1359 3766 opprimerentur

250 3827 256 3840 .
277 3829 283 3844 .
302 3784 413 3858 quidem
437 3787 541 3840 onerati
567 3787 654 3854 magis
673 3787 717 3842 his
737 3785 840 3855 (ermis)
863 3800 943 3856 quern
965 3783 1042 3840 teeti’
1061 3773 1356 3845 transumatur

250 3875 399 3938 ‚hortantes
418 3890 448 3928 se
468 3874 588 3944 qnisque’
607 3874 656 3943 (rs.
675 3873 746 3944 218).
782 3870 819 3930 cl.
838 3878 903 3936 ‚tum
923 3873 976 3927 sibi
994 3873 1106 3944 quisquo
1125 3872 1178 3930 dux
1195 3869 1357 3953 edtrortutor·

250 3963 308 4032 que'
328 3962 384 4018 niv.
403 3963 438 4017 ib.
458 3961 511 4032 fii,
530 3963 583 4018 etri
601 3966 715 4032 uuoque
733 3962 792 4036 loco
810 3961 882 4034 apud
895 3961 990 4016 Silium
1003 3960 1038 4016 de
1048 3960 1157 4027 Poenis,
1176 3954 1355 4034 apud-niuniu

250 4051 282 4106 de
300 4049 429 4106 Romanis
447 4065 536 4106 sermo
555 4055 604 4106 est

355 4140 383 4208 3)
401 4138 443 4194 vd.
462 4137 612 4197 Ιὶιιιιιιιιιιιι.
630 4140 694 4198 hiet
712 4139 789 4214 Rom
808 4138 842 4206 11,
861 4156 887 4211 p.
907 4140 968 4197 ltu.
