2936 4718
803 321 845 386 46

266 513 299 574 οἱ
329 509 538 591 συβῶται..
563 556 570 570 .
609 501 714 592 ὲςίρὸν
735 500 831 570 οὐδὲν
856 508 922 570 τῶν
944 502 1161 588 1ενΑίγύιιτῳ
1202 501 1413 591 ἐσέρχονται

266 612 383 694 μοῦνοι
405 592 542 675 πάντων
565 655 572 672 .
596 654 604 671 .
628 653 636 670 .
670 617 758 672 τοῖσι
780 602 842 691 μὲν
863 630 923 672 νυν
950 604 1081 673 ἄλλοισι
1104 609 1237 674 θεοῖσι
1266 613 1415 690 (praeter

266 711 406 778 Selenen
441 717 473 776 et
494 706 678 793 Dionyson)
716 704 817 773 θύειν
854 699 891 784 ὗς
927 706 966 774 οὐ
1002 711 1163 775 δικαιεῦσι
1205 705 1413 792 Αἰγύπτιοι

265 813 356 898 (Her.
379 813 419 878 11.
441 813 525 894 47.);
561 810 720 892 ‚velentur
756 829 892 892 corpora
913 810 989 874 lino'
1010 839 1054 872 :·.:
1083 809 1232 889 ἐσθῆτα
1279 805 1321 875 δὲ
1362 833 1415 896 φο

265 911 397 1006 ρὲουσιυ
425 918 456 979 οί
479 910 561 1000 ίρὲις
582 908 692 992 λινέην
712 907 838 995 μούνην
867 911 923 993 (ib.
945 912 1001 997 37)
1034 921 1066 979 et
1088 911 1128 980 οὐ
1148 909 1291 996 μέντοι
1317 914 1354 986 ἔς
1380 934 1413 992 γε

268 1012 311 1082 τὰ
333 1013 389 1104 ἱρὰ
410 1012 586 1105 ἐσφέρεται
617 1017 738 1101 εἰρίνεα
770 1033 815 1078 se.
849 1017 970 1097 είζιιατα
1004 1015 1058 1100 (ib.
1080 1016 1151 1097 8l);
1183 1021 1341 1092 ‚tonsae
1366 1032 1414 1076 co·

167 1135 171 1142 '
267 1119 347 1184 mee'
376 1139 419 1178 Ξ
445 1116 485 1182 Οἱ
517 1113 599 1204 ἱρέες
634 1119 700 1180 τῶν
734 1116 827 1179 θεῶν
861 1112 895 1179 ἐυ
918 1114 1082 1200 Αἰγύπτῳ
1105 1165 1112 1180 .
1136 1163 1176 1182 ..
1215 1115 1411 1202 ξυροῦνται

265 1220 322 1305 (ib.
345 1220 409 1304 36).
454 1219 513 1284 His
536 1237 642 1284 mores
665 1215 853 1300 Babyloniis
881 1225 1032 1300 aoeeptos
1059 1225 1091 1282 et
1120 1217 1201 1282 ritus
1237 1216 1411 1302 quosdam

264 1322 427 1388 Romanos
450 1318 650 1403 interposuit.
683 1317 766 1382 Nam
782 1317 865 1384 sient
880 1319 1051 1384 seeundum
1067 1338 1116 1385 vs.
1131 1319 1174 1384 30
1195 1338 1254 1402 sq.
1275 1319 1408 1383 nullum

265 1423 471 1489 simulacrum
494 1420 669 1502 intemplo
693 1419 852 1484 Gaditano
875 1429 953 1498 erat,
977 1420 1024 1486 sie
1047 1420 1236 1486 Herodotus
1265 1421 1313 1504 (Ι.
1333 1416 1408 1496 181)

265 1525 306 1590 de
329 1523 449 1607 templo
483 1541 627 1586 summae
661 1521 739 1586 turri
772 1520 852 1585 Belo
884 1532 1092 1587 eonsenatee
1125 1523 1293 1605 imposito
1327 1520 1405 1584 dieit
1437 1547 1438 1572 ι

265 1621 399 1709 ἄγαλμα
421 1623 455 1689 δὲ
477 1621 534 1690 οὐκ
558 1619 606 1688 ἔνι
619 1617 714 1688 οὐδὲν
729 1617 859 1687 αὐτόθι
874 1618 1093 1709 ἐνιδρυμένον.
1101 1627 1125 1705 ¹)
1155 1623 1274 1707 Caput
1292 1623 1403 1707 splen·

266 1727 343 1811 dipo
365 1726 431 1791 lino
455 1726 596 1793 relatum
630 1731 692 1810 (vs.
714 1724 770 1809 25)
804 1724 977 1808 respondet
1007 1725 1108 1818 μίτρῃ
1130 1725 1401 1809 Babyloniorum
1437 1745 1438 1776 ι

249 1828 354 1913 ,(Ηοι.
377 1829 403 1911 Ι,
428 1828 503 1910 195)
537 1837 570 1892 et
602 1828 687 1912 apioi
720 1826 771 1891 vel
801 1825 924 1891 infulae
945 1827 1132 1909 pontifioum
1154 1827 1398 1892 Romanorum.

265 1931 381 1996 Latum
404 1928 529 1996 olavum
562 1927 623 2014 (vs.
646 1929 703 2012 27)
735 1949 772 1996 ex
807 1928 961 2004 institutis
993 1928 1209 1994 Romanorum
1247 1926 1397 2012 propriis

249 2032 327 2098 ‘bue
349 2031 475 2096 videtur
490 2033 702 2111 transtulisse,
725 2031 793 2114 igni
808 2037 963 2113 perpetuo
986 2031 1048 2110 (vs.
1064 2030 1120 2114 29)
1142 2029 1251 2095 focum
1271 2031 1396 2095 Vestae

264 2134 378 2200 leotori
400 2133 433 2198 in
455 2134 598 2198 animum
626 2130 816 2204 revocavit&
848 2139 881 2194 et
913 2129 998 2211 quod
1029 2130 1071 2193 ad
1104 2130 1245 2198 feminas
1281 2129 1394 2198 fanum

264 2235 385 2300 intrare
409 2235 524 2299 vetitae
546 2234 663 2299 attinet
682 2269 726 2281 -
746 2252 822 2297 nam
844 2231 907 2296 hae
939 2232 1096 2315 ampliore
1130 2235 1266 2299 notione
1305 2235 1390 2298 loeo·

264 2337 385 2401 tionem
409 2334 497 2398 iilam
521 2335 742 2418 aooipiendam
758 2353 831 2402 esse
853 2333 922 2400 veri
945 2334 1050 2401 simile
1066 2343 1116 2401 est
1138 2373 1177 2382 —
1200 2334 1391 2401 Macrobius

264 2446 324 2502 sat.
348 2436 373 2518 Ι,
398 2438 436 2500 12
458 2439 478 2518 ξ
499 2437 541 2502 28
564 2437 725 2520 ,mulieres
748 2436 779 2500 in
805 2435 902 2501 Italia
924 2455 1017 2499 saero
1039 2437 1189 2502 Hereulis
1219 2458 1287 2504 non
1315 2439 1388 2500 lieet

264 2534 462 2621 interesset)
486 2537 591 2602 tradit.
636 2539 701 2604 Sed
724 2557 776 2603 res
799 2537 894 2602 etiam
917 2537 1095 2603 intricatior
1124 2538 1161 2603 fit
1183 2539 1385 2611 Graecorum

263 2638 402 2706 Hereule
424 2638 645 2724 intermixto)
678 2640 808 2706 eonius
840 2642 907 2704 vita
939 2658 1054 2704 novem
1088 2639 1175 2705 faeta
1203 2651 1384 2707 memorato

263 2740 456 2825 dignissima
478 2751 511 2807 et
531 2741 725 2822 incendium,
757 2760 817 2826 quo
841 2743 935 2806 heros
958 2741 1087 2824 seipse
1111 2742 1142 2806 in
1167 2741 1250 2808 Oeta
1276 2748 1384 2806 monte

265 2843 492 2925 coneremavit,
528 2849 625 2927 poeta
661 2844 761 2910 libero
797 2843 927 2908 arbitrio
964 2843 1077 2926 elegit,
1121 2853 1155 2908 ut
1190 2850 1382 2926 argumenta

246 2944 440 3030 ,imaginum
474 2947 506 3009 in
540 2944 644 3010 valvis
677 2945 789 3028 templi
821 2951 1023 3008 exaratorum
1056 2946 1116 3010 sibi
1140 2961 1269 3028 pareret
1305 2961 1382 3019 (ves.

264 3121 475 3129 ----·-·-—--—-

369 3203 398 3276 1)
417 3205 449 3260 of.
463 3206 499 3262 ib.
511 3205 534 3273 I,
547 3207 599 3261 131
618 3197 756 3278 ἀγάλματα
774 3210 823 3276 μὲν
842 3205 894 3276 (καὶ
910 3204 989 3273 νηοὺς
1008 3212 1050 3258 καὶ
1067 3193 1184 3276 βωμοὺς)
1197 3196 1244 3260 oria
1261 3213 1293 3262 ἐν
1305 3202 1376 3274 νόμυ

262 3299 433 3364 ποιευμένους
459 3290 599 3365 ἱὸρίεσθαι
625 3296 675 3365 (se.
694 3292 754 3348 olda
780 3293 842 3351 reio
871 3293 990 3366 Πέρσαι).
1033 3293 1166 3348 silianum
1194 3293 1256 3359 ,Sed
1283 3293 1377 3351 nulla

263 3381 421 3452 effigies'
442 3382 490 3453 (vs.
503 3383 549 3452 30)
568 3383 667 3437 alludit
685 3384 756 3438 ferto
775 3382 911 3438 etiamad
930 3383 1085 3438 statianum
1104 3413 1139 3422 -
1157 3385 1271 3450 ,Nulla
1289 3386 1376 3440 auton

264 3471 424 3540 efligies,
448 3471 516 3526 nulli
540 3473 682 3527 commissa
704 3474 816 3526 metallo
839 3472 937 3527 Forma
960 3470 1033 3526 deae'
1053 3471 1147 3540 (Theb.
1168 3471 1228 3528 XII.
1245 3473 1300 3528 493
1319 3466 1375 3538 sq.)

369 3560 396 3629 2)
414 3559 512 3614 Potuit
531 3559 612 3616 etiem
631 3560 676 3615 hie
704 3564 767 3616 ente
791 3562 883 3616 oeulos
907 3560 1010 3615 versari
1028 3558 1108 3628 ,vigil
1125 3560 1218 3632 ignis'‚
1237 3577 1317 3630 quem
1335 3573 1375 3626 ap.

262 3647 344 3716 Verg.
363 3649 433 3706 Aen.
452 3647 498 3712 lv,
519 3649 572 3703 200
588 3647 684 3704 Iarbas
702 3650 768 3706 Aser
785 3649 844 3706 Iovi
862 3651 1022 3704 sacraverat.

371 3735 398 3805 3)
418 3735 450 3793 ei.
470 3736 549 3807 Prop.
567 3736 612 3804 lv,
631 3739 656 3807 9,
675 3739 710 3794 69
730 3739 771 3810 (:
793 3740 825 3804 V,
844 3740 870 3807 9,
888 3739 923 3794 69
941 3737 1053 3807 Lehm.)
1082 3738 1128 3792 ubi
1152 3737 1285 3794 Hercules
1313 3732 1375 3791 dioit

263 3823 348 3890 ‚Haeo
366 3825 424 3894 (ara
447 3825 573 3894 maxima)
591 3826 676 3881 nullis
695 3843 822 3900 umquam
841 3830 935 3898 pateat
952 3827 1104 3880 veneranda
1121 3825 1236 3897 puellis’.

367 3911 396 3981 4)
415 3909 501 3976 Quam
520 3930 583 3969 vero
601 3915 744 3984 divolgata
761 3917 828 3970 heae
846 3914 931 3970 fuerit
951 3914 1082 3980 conlusio,
1102 3921 1213 3985 apparet
1237 3932 1269 3970 ex
1289 3909 1371 3969 Strab.

262 3999 311 4064 ΙΠ,
337 4017 358 4055 e.
377 4000 402 4065 b,
431 3997 546 4074 §3(=
574 4020 600 4073 p.
620 4004 690 4074 169),
718 4003 765 4056 nbi
793 4003 826 4056 de
853 4003 955 4072 templo
980 4002 1104 4058 Eeroulis
1129 4004 1259 4058 Gaditani
1285 4000 1369 4058 narni

262 4096 304 4143 καί
322 4087 425 4160 λέγουσι
442 4093 492 4159 μὲν
509 4090 601 4158 duxere
618 4092 666 4160 τῆς
682 4088 782 4147 πόλεως
799 4087 900 4144 δώδεκα
921 4090 992 4160 μίλια
1016 4089 1047 4145 τὸ
1066 4089 1144 4163 ἱερόν,
1163 4095 1221 4146 ἴσον
1239 4092 1368 4146 ποιοῖντει

262 4175 311 4232 τὸν
329 4175 397 4231 urfa
416 4174 530 4233 ἄθλων
547 4187 589 4233 καί
605 4178 655 4234 riv
672 4180 729 4234 τῶν
746 4178 838 4249 μιλίων
856 4169 982 4250 ἇριθμόν,
