2936 4718
664 351 742 434 13,

122 541 227 612 ‘cates
252 552 269 597 c
291 533 404 616 quibus
428 533 714 617 Carthaginienses
746 555 817 600 cnm
841 535 981 602 victores
1008 535 1246 620 discessissent,

125 638 160 700 in
182 637 289 719 ipsum
312 634 439 718 imperii
461 637 598 703 Romani
622 637 727 702 sinum
750 636 837 700 viam
860 637 922 701 sibi
945 639 1188 707 munierant-
1214 645 1247 704 et

126 739 166 802 ob
188 737 307 802 tradita
330 756 402 802 oum
424 736 543 802 fabulis
565 747 597 802 ct
621 737 802 805 fictionibus
825 737 962 820 poeticis
995 739 1064 804 fere
1096 739 1248 823 aequabi-

125 840 199 904 liter
223 839 321 902 mixta
344 839 491 923 apprime
513 841 580 923 apti
602 839 761 920 videntur,
797 839 920 922 quibus,
954 860 1051 924 quam
1074 841 1174 908 Silius
1196 862 1245 908 ra·

125 943 246 1006 tionem
269 940 301 1004 in
326 941 469 1005 carmine
492 941 714 1025 componendo
737 941 885 1023 tenuerit,
914 941 1161 1009 demonstretur.
1205 943 1245 1010 In

124 1042 367 1125 quaestionibus
390 1050 497 1107 autem
520 1043 599 1127 ipsis
622 1042 807 1125 digerendis
830 1043 890 1107 hoc
913 1044 1083 1112 consilium
1115 1056 1245 1111 secutus

123 1163 206 1225 sum,
229 1152 265 1208 ut
286 1150 387 1208 totum
410 1154 634 1227 argumentum
657 1145 690 1207 in
714 1143 794 1208 duas
809 1153 919 1227 partes
934 1144 1122 1213 dividerem.
1161 1147 1245 1226 Qua-

121 1265 194 1310 rum
217 1245 305 1329 prior
328 1265 384 1310 eas
407 1253 516 1328 partes
539 1245 776 1330 complectetur,
799 1265 881 1329 qnae
904 1247 1008 1330 primo
1031 1248 1141 1313 obtutu
1165 1248 1243 1314 ficti·
1287 1251 1291 1258 '

122 1349 195 1412 ciae
218 1355 251 1410 et
271 1346 459 1411 inventione
480 1350 608 1431 poetica
630 1356 727 1412 natae
750 1357 985 1430 cognoscuntur
1007 1358 1039 1414 et
1061 1352 1153 1416 salvo
1176 1359 1243 1418 toto

125 1467 233 1514 rerum
255 1456 421 1530 gestarum
444 1457 554 1513 tenore
576 1449 673 1514 eximi
697 1461 841 1533 possunt,
863 1450 967 1516 altera
992 1470 1060 1532 eas,
1082 1469 1165 1534 quae
1187 1460 1243 1518 ant

124 1550 220 1614 fidem
244 1549 429 1614 historicam
452 1550 577 1633 integre
599 1561 730 1616 servant
752 1559 807 1616 aut
828 1552 970 1635 speciem
992 1553 1152 1636 quandam
1175 1553 1244 1620 veri

123 1651 344 1717 similitudinis
372 1671 451 1735 prae
479 1671 514 1717 se
547 1651 655 1717 ferunt
684 1661 717 1717 et
746 1673 785 1717 ox
814 1673 892 1718 vera
923 1656 1078 1720 memoria
1106 1655 1240 1722 haustae

122 1754 281 1819 videntur.

389 1875 412 1915 i
465 1891 525 1970 111,
547 1891 652 1957 5-13
675 1900 706 1955 er
728 1893 906 1958 err-714.

309 1995 450 2082 legatus
473 1996 513 2064 ad
537 1995 705 2066 Ammonia
728 1995 891 2066 oraculum
916 1996 1049 2068 missua.

236 2113 425 2182 Commenta
448 2117 544 2202 igitur
567 2127 692 2202 poetae,
720 2118 761 2181 ad
784 2136 867 2201 quae
894 2116 1029 2201 primum
1059 2138 1119 2185 nos
1142 2119 1240 2186 verti-

124 2235 204 2300 mus,
235 2218 268 2282 in
292 2218 342 2283 his
372 2220 461 2285 libris
484 2220 614 2303 saepius
648 2229 713 2284 tam
747 2227 817 2284 arte
845 2238 915 2284 cnm
949 2220 1043 2284 rebus
1078 2219 1239 2288 historicis

122 2328 272 2386 contexta
293 2330 376 2398 sunt,
398 2330 434 2386 ut
455 2342 520 2386 non
542 2321 640 2386 facile
662 2321 802 2404 perspici
825 2329 856 2385 et
878 2340 896 2384 c
919 2319 1123 2391 cohaerentia
1143 2322 1239 2390 evelli

123 2422 259 2502 possint.
304 2425 457 2488 Attamen
480 2424 588 2488 statim
611 2423 702 2487 initio
727 2423 799 2488 libri
826 2423 912 2488 tertii
935 2422 1095 2506 digressio
1118 2424 1240 2492 inveni-

123 2531 181 2594 tur,
205 2523 245 2588 de
268 2543 332 2607 qna
350 2546 446 2592 nemo
469 2525 634 2590 dubitabit.
678 2525 831 2590 Versibus
859 2524 945 2588 enim
967 2525 1073 2591 5-13
1103 2527 1240 2592 refertur

120 2624 347 2707 Hannibalem,
381 2637 416 2692 ut
442 2627 517 2692 belli
547 2631 699 2692 eventum
728 2633 946 2709 cognosceret,
974 2625 1169 2708 legationem
1197 2627 1239 2694 ad

121 2728 290 2796 Ammonis
328 2730 490 2794 oraculum
523 2727 662 2794 misisse.
716 2730 810 2793 Hanc
843 2746 921 2809 rem,
959 2746 1031 2790 oum
1064 2727 1097 2793 in
1130 2736 1240 2794 cetera

121 2845 226 2892 rerum
247 2831 410 2906 ,memoria
443 2831 512 2895 eius
544 2850 586 2896 ne
614 2832 787 2914 vestigium
820 2828 948 2911 quidem
978 2841 1144 2914 appareat,
1174 2833 1238 2899 fide

119 2927 274 2994 historica
307 2952 369 2998 non
403 2931 624 2998 confirmatam
658 2933 910 3016 reprobabimus,
943 2952 1014 2998 eum
1048 2935 1238 3016 praesertim

120 3049 228 3113 causa,
264 3052 325 3116 qna
359 3043 463 3099 motus
494 3044 588 3118 poeta
622 3036 706 3100 hunc
735 3035 858 3117 ingenii
892 3035 941 3100 sui
970 3033 1070 3102 fetum
1093 3036 1237 3113 ediderit,

120 3133 296 3198 manifesta
320 3137 370 3200 sit.
418 3135 526 3201 Voluit
548 3136 633 3201 enim
657 3146 722 3200 tam
745 3137 869 3218 ingenti
896 3145 1020 3221 coepto,
1051 3136 1144 3221 quale
1176 3139 1238 3202 fuit

120 3233 181 3296 iter
204 3237 242 3299 ab
266 3236 448 3303 Hannibale
477 3239 509 3302 in
537 3239 663 3303 ltaliam
692 3238 822 3316 factum,
851 3240 943 3322 qnasi
971 3239 1161 3321 praeludere
1191 3239 1237 3303 id·

121 3354 185 3417 que
214 3358 234 3400 a
265 3338 395 3404 numine
428 3340 586 3404 sancitum
620 3341 738 3405 facere.
789 3341 843 3406 Sic
877 3339 1126 3406 Lacedaemonii
1161 3348 1236 3404 ante

120 3435 235 3504 initum
259 3460 410 3523 magnum
433 3441 513 3505 illud
536 3441 656 3505 bellum
679 3442 784 3523 civile,
811 3463 872 3526 quo
897 3443 1033 3509 Graecia
1062 3460 1137 3510 suas
1166 3442 1236 3524 ipsa

120 3537 206 3605 vires
229 3541 385 3623 exhausit,
409 3543 555 3627 Delphos
578 3543 619 3607 ad
641 3543 824 3628 Apollinem
846 3545 1000 3610 miserant
1024 3543 1236 3623 consulturae,

118 3659 195 3704 num
219 3662 270 3706 res
293 3643 354 3708 sibi
377 3647 457 3710 bene
480 3654 591 3712 essent
612 3646 800 3729 cessurac.¹)
831 3647 886 3714 Sic
901 3663 1036 3727 magnus
1052 3645 1237 3712 Alexander

118 3853 190 3914 Flcr.
209 3855 288 3920 2918
306 3855 342 3924 (p.
362 3854 421 3922 IX),
443 3853 634 3909 Weissenborn
656 3853 691 3907 ad
709 3852 766 3908 Liv.
786 3854 893 3920 xxltc
910 3856 925 3922 fi
945 3856 969 3909 1.
1006 3853 1122 3910 Mueller
1145 3871 1236 3926 progr.

118 3959 242 4012 gymnas.
280 3941 382 3998 Oonitz.
411 3943 489 4010 1876,
514 3961 539 4014 p.
563 3943 598 3997 12
623 3941 723 4012 (adnot.
748 3942 784 4007 5).
820 3941 856 3996 Et
880 3944 991 3997 tertiam
1011 3945 1084 3998 vocis
1103 3944 1236 4012 syllabam

119 4035 274 4087 constanter
292 4047 308 4086 a
326 4033 412 4102 poetis
431 4032 543 4100 produci
562 4032 615 4086 iarn
635 4029 790 4084 observavit
809 4030 907 4087 Cluver
926 4031 996 4096 ,ital
1016 4033 1127 4102 antiqu!
1146 4033 1234 4101 Lugd.

116 4119 179 4177 Bat.
198 4121 276 4184 1864.
297 4136 322 4190 p.
340 4119 401 4177 586.

224 4210 252 4279 1)
271 4209 354 4264 Thuc.
373 4207 394 4274 I,
417 4208 475 4265 118.
