2936 4718
797 341 840 406 54

262 527 401 608 Quarum
416 529 559 610 gentium
576 525 696 612 singuli
711 534 830 605 essent,
854 533 1019 592 exaratum
1035 533 1122 590 certe
1143 544 1206 589 non
1229 523 1390 609 repperit,

262 629 319 694 sed
343 630 511 709 exercitus,
534 629 619 712 quod
643 629 683 693 ad
706 627 843 712 populos
866 627 991 710 attinet,
1015 627 1047 692 in
1065 627 1182 711 Libyes
1206 632 1331 690 tantum
1355 631 1392 688 et

263 731 438 815 Hispanos,
462 730 545 815 quod
569 731 610 794 ad
633 751 734 810 arma,
757 729 790 794 in
813 729 940 812 pedites
963 739 995 793 et
1016 729 1140 811 equites
1165 727 1288 791 divisus
1304 733 1389 789 erat.

262 833 332 900 Hoc
353 843 460 897 autem
482 841 597 917 poetae
620 833 751 898 minime
775 829 909 896 suffecit.
940 831 1051 917 Itaque
1074 839 1174 896 totum
1196 827 1288 912 quasi
1312 845 1390 891 eor-

261 955 333 1018 pus,
363 934 445 1019 quod
475 934 586 1000 Africa
616 943 647 1000 et
676 934 836 1017 Hispania
863 934 1131 1015 complectuntur,
1163 928 1320 994 dissecuit
1356 937 1392 992 et

264 1037 372 1100 varias
395 1037 559 1120 utriusque
590 1045 694 1102 terrae
721 1044 845 1117 gentes,
878 1053 960 1119 quae
989 1042 1085 1099 notae
1115 1033 1145 1098 ei
1175 1039 1276 1108 erant,
1313 1029 1391 1094 sine

263 1148 349 1202 certo
374 1138 510 1221 quodam
533 1139 646 1204 ordine
669 1135 826 1221 permixte
857 1136 1098 1220 enumeravit¹)‚
1126 1135 1293 1208 Βοιωτίας
1315 1132 1389 1196 Ho-

263 1239 431 1327 mericae²)
463 1250 495 1304 et
527 1240 641 1306 indicis
664 1237 764 1302 Turni
800 1237 962 1320 copiarum
991 1233 1201 1320 Vergiliani⁸l
1231 1234 1389 1317 exempla

263 1351 403 1407 secutus.
448 1341 570 1420 Quodsi
599 1341 687 1425 quis,
721 1360 796 1404 num
831 1359 871 1403 ex
902 1339 1043 1404 moribus
1070 1339 1208 1404 diversis
1230 1335 1389 1420 gentibus

264 1465 284 1507 a
307 1443 387 1509 Silio
410 1443 560 1525 ascriptis
583 1443 723 1524 aliquem
746 1441 885 1505 fructum
907 1442 1074 1524 percipere
1090 1439 1263 1524 possimus,
1283 1457 1388 1520 quae·

264 1553 323 1624 rat,
345 1564 387 1608 ne
409 1544 470 1608 hoc
497 1543 625 1626 quidem
656 1542 786 1608 concedi
817 1550 933 1625 potest.
981 1541 1064 1607 Nam
1089 1541 1322 1625 proprietatum
1354 1549 1390 1603 et

264 1645 530 1710 consuetudinum
553 1644 736 1728 descriptio,
767 1652 800 1708 ut
823 1663 862 1708 ex
884 1643 1122 1708 commentariis
1155 1642 1253 1708 facilc
1270 1640 1389 1707 videre

264 1747 349 1828 lieet,
378 1746 566 1812 imitationis
594 1747 735 1811 locorum
761 1745 1016 1828 Vergilianorum
1038 1746 1206 1830 praecipue
1229 1746 1271 1811 ad
1293 1764 1391 1810 arma

264 1848 474 1932 spectantium
506 1859 570 1913 tarn
593 1850 699 1933 plena,
729 1847 826 1912 cultui
848 1847 921 1912 aevi
937 1839 1091 1927 'heroicrl
1124 1868 1222 1932 saepe
1245 1859 1313 1914 tarn
1337 1848 1386 1913 si-

264 1949 350 2016 milis
373 1958 432 2030 est,
458 1961 492 2015 ut
514 1961 628 2027 cetera,
656 1950 769 2033 quibus
802 1949 869 2014 veri
892 1947 1012 2032 aliquid
1040 1949 1148 2014 inesse
1170 1960 1285 2034 potest,
1319 1969 1387 2014 non

264 2052 359 2117 modo
382 2073 442 2118 non
467 2054 536 2118 siue
558 2051 747 2117 difficultate
771 2059 931 2132 eruantur,
962 2050 1019 2114 sed
1042 2051 1139 2116 eliam
1163 2051 1387 2117 dubitationes

266 2162 427 2221 moveant.
477 2155 639 2220 Nonnulla
672 2173 780 2219 eorum
814 2153 986 2236 scriptores
1019 2160 1073 2219 aut
1105 2153 1190 2217 male
1226 2152 1388 2218 memoria

266 2256 383 2321 retenti
416 2264 471 2320 aut
503 2254 679 2320 artificiosa
712 2254 976 2336 interpretatione
1008 2259 1111 2337 pressi
1147 2255 1387 2337 suggerebant:

266 2359 354 2422 velut
380 2359 529 2438 ,vestigia
556 2356 652 2420 nuda'
677 2358 735 2436 (vs.
759 2355 836 2440 235)
859 2355 1180 2438 Carthaginiensibus
1210 2364 1388 2440 propterea

268 2460 393 2524 videtur
425 2457 623 2536 attribuisse,
657 2455 732 2539 quia
760 2456 949 2539 Allobroges
972 2457 1164 2522 Hannibalis
1198 2458 1306 2542 copias
1342 2455 1387 2522 ad

268 2560 468 2644 superandas
492 2559 592 2642 Alpes
626 2559 856 2623 calceamentis
890 2558 1081 2624 instruxisse
1108 2560 1192 2642 apud
1215 2559 1385 2642 Polybium

267 2660 432 2749 legerat3⁶l
466 2680 558 2728 usum
592 2670 699 2726 antem
732 2661 816 2726 bello
850 2668 957 2725 vestes
991 2661 1102 2724 rubras
1136 2661 1305 2740 induendi,
1340 2665 1384 2742 ut,

268 2765 295 2830 si
316 2766 389 2849 quis
404 2764 598 2838 vulneretur,
615 2763 747 2846 sanguis
770 2781 788 2827 e
812 2770 983 2847 conspeetu
1006 2763 1144 2827 hostium
1169 2769 1383 2845 removeatur,

268 2865 397 2930 Valerio
427 2865 568 2932 Maximo
601 2865 710 2946 debet,
741 2864 827 2950 apud
860 2883 954 2946 quern
989 2861 1060 2927 cum
1084 2864 1249 2948 11,6§2
1285 2865 1385 2947 ‚idem

267 2969 449 3054 (Spartani)
494 2967 535 3032 ad
577 2966 844 3034 dissimulandum
888 2976 920 3030 et
955 2965 1181 3032 occultandum
1214 2968 1386 3033 vulnerum

267 3089 395 3135 suorum
429 3088 571 3136 cruorem
609 3067 805 3153 punicis⁶)
836 3068 867 3132 iu
896 3067 1019 3150 proelio
1055 3069 1170 3133 tunicis
1207 3068 1385 3132 utebantur'

266 3171 436 3250 inveniret,
466 3171 636 3251 adieetivo,
673 3170 759 3256 quod
783 3171 922 3253 aliquam
945 3189 1013 3235 rem
1036 3171 1162 3235 rubram
1185 3189 1257 3234 esse
1281 3169 1386 3253 signi-

268 3367 481 3376 ———--‹---

372 3409 400 3464 ll
419 3407 452 3461 cl.
471 3408 553 3462 etiam
572 3423 640 3478 quaa
659 3407 691 3461 da
710 3407 835 3475 catalogo
855 3407 1015 3477 Scytharum
1034 3421 1050 3460 a
1068 3405 1176 3461 Valerio
1195 3406 1291 3461 Flacco
1312 3421 1385 3462 com·
1453 3399 1454 3412 ³

265 3498 354 3565 posito
372 3497 400 3549 iu
419 3496 493 3550 illius
511 3499 606 3565 poetae
625 3494 743 3549 editions
763 3511 811 3550 sua
830 3495 864 3550 ad
882 3494 928 3562 vl,
947 3495 981 3549 37
1000 3495 1139 3549 adnotavit
1156 3495 1281 3564 Wagner.

372 3583 401 3654 2)
420 3584 452 3641 Il.
472 3583 503 3650 B,
521 3584 575 3639 484
593 3601 650 3656 sqq.
1453 3531 1454 3626 Ι

372 3674 399 3743 3)
418 3673 484 3728 hen.
503 3671 563 3742 Vll,
581 3673 633 3728 641
653 3689 708 3744 sqq.

371 3763 398 3825 4)
419 3777 457 3818 rs.
473 3762 526 3816 240
544 3761 624 3829 hlago
652 3761 684 3816 da
703 3779 782 3816 curru
808 3766 927 3830 pugnat,
951 3762 1021 3832 quod
1040 3777 1175 3816 armorum
1194 3777 1291 3832 genus,
1310 3766 1381 3831 post
1453 3771 1454 3856 q

267 3864 348 3917 quam
371 3849 511 3918 elephanti
540 3849 611 3904 bello
641 3852 767 3920 usurpari
791 3850 882 3920 coepti
905 3853 981 3920 sunt,
1013 3867 1044 3904 ax
1062 3867 1091 3904 ra
1110 3851 1225 3907 militari
1243 3851 1380 3906 sublatum
1453 3895 1454 3908 ,

268 3941 335 3992 arat.
373 3937 406 3991 cf.
426 3941 574 3994 Mommsen
592 3940 654 3996 hist.
674 3941 741 3993 Rom
761 3937 795 3994 1⁶.
814 3955 839 4007 p.
859 3938 919 3996 504.
1453 3935 1454 4006 l

373 4027 401 4095 5)
420 4026 470 4093 III,
489 4043 511 4084 c.
530 4027 566 4081 49
585 4026 600 4098 ξ
619 4029 661 4082 12.
1453 4019 1454 4032 ¹

373 4117 402 4184 6)
419 4115 519 4172 Eadem
539 4115 667 4170 adieetivi
685 4115 770 4170 forma
787 4131 812 4173 v.
833 4131 856 4174 o.
875 4117 957 4172 etlam
976 4115 1052 4175 (lurt.
1066 4115 1115 4185 111,
1134 4118 1151 4171 3
1170 4117 1186 4186 ἓ
1205 4117 1240 4173 10
1258 4117 1381 4185 traditur,

268 4221 427 4274 quamquam
447 4203 563 4260 editores
582 4203 730 4275 ,puniceus'
751 4203 889 4264 exhibent.
