2908 4724
780 305 825 370 ut

243 508 308 554 non
324 489 388 555 nisi
402 488 553 573 diiigenti
567 499 601 556 et
614 489 725 572 sagaci
739 488 1006 572 interpretatione
1018 487 1240 553 narrationis
1257 485 1386 550 mininie
1439 537 1440 544 ,

243 589 417 668 dilucidae,
439 590 481 657 de
501 611 566 674 qna
586 591 679 656 inniti
701 592 763 656 viri
783 591 880 671 (loeti,
902 609 1094 673 wernonem
1115 588 1257 654 eodem
1277 587 1387 652 innda

245 703 355 760 mento
376 694 529 775 nitentes,
550 694 585 758 in
607 693 753 758 diversas
776 700 888 775 partes
907 691 1136 768 discesserunt,
1166 691 1337 772 eontigit

350 794 476 860 Multo
508 815 618 860 mane
650 794 762 860 consul
790 813 861 858 enm
888 793 1048 876 equitibus
1076 793 1294 876 provehitur
1317 791 1390 873 (vsu
1438 786 1439 799 ¹

243 896 285 962 89
305 899 405 980 squ),
440 915 536 978 quam
563 896 719 979 temporis
746 894 968 960 definitionem
988 894 1136 976 quamvis
1159 913 1237 976 pro
1261 893 1390 977 poebieo

243 997 352 1062 traditi
374 1006 565 1064 ornamento
586 999 730 1079 aeeipere
750 997 859 1072 lioeat,
881 1005 989 1060 tannen
1011 995 1098 1058 hand
1119 997 1200 1060 seio
1218 1015 1271 1060 an
1288 1012 1391 1059 reeor-

243 1097 332 1164 datio
355 1099 398 1164 sit
418 1109 475 1164 ant
495 1100 597 1182 ipsius
617 1099 754 1181 Polybii,
775 1098 862 1183 apud
882 1117 977 1181 quern
997 1097 1057 1177 Ill,
1078 1098 1123 1162 63
1141 1100 1167 1178 ξ
1188 1099 1242 1162 14
1266 1095 1392 1160 Hanni·

241 1200 294 1264 bal
327 1204 368 1292 τῇ
400 1197 556 1288 ἐπαύριον
588 1198 755 1283 ἀναζυγὴν
786 1199 858 1283 ἅμα
886 1203 934 1282 τῷ
965 1201 1056 1288 φωτὶ
1080 1195 1311 1285 παρήγγειλε
1341 1205 1391 1260 aut

242 1300 327 1366 alins
355 1303 536 1386 seripturis,
569 1311 605 1366 nt
630 1301 678 1366 ita
703 1301 825 1382 dieunt,
856 1300 1035 1384 Polybiani.
1079 1299 1160 1364 Cum
1189 1301 1389 1364 Poenorum

242 1402 307 1468 dux
330 1403 415 1468 idem
442 1404 476 1467 in
501 1405 646 1468 animum
668 1402 848 1468 induxisset
873 1411 954 1487 (vss.
976 1403 1019 1466 92
1040 1402 1136 1484 squ),
1163 1402 1277 1466 brevi
1307 1409 1388 1486 post,

242 1513 278 1570 nt
312 1505 398 1586 apud
423 1504 559 1582 Livium,
595 1522 691 1586 quem
722 1505 787 1568 iarn
818 1513 906 1570 reete
939 1514 1216 1588 eomparavernnt
1255 1513 1387 1568 veteres

244 1607 395 1684 editores,
425 1615 458 1672 et
478 1605 589 1687 Polyb.
612 1625 639 1669 o.
663 1605 705 1670 65
725 1609 746 1686 ξ
765 1608 797 1686 4,
824 1606 991 1690 pulverem
1011 1607 1052 1671 ab
1074 1605 1169 1689 equis
1197 1606 1385 1672 exeitatun

244 1708 370 1789 utrique
393 1706 505 1772 vident
524 1715 558 1772 et
572 1707 730 1790 proelium
745 1713 871 1790 parant
913 1707 977 1772 Hie
991 1708 1134 1774 sidones
1155 1711 1302 1785 ,Arma
1318 1703 1385 1776 viri,

244 1810 353 1892 eapite
375 1829 475 1890 arma,
496 1809 568 1872 viri’
591 1809 751 1876 elamasse
773 1809 937 1890 tinguntur
959 1817 1022 1884 (vs.
1044 1811 1100 1894 98)
1120 1845 1163 1856 -
1186 1829 1281 1872 nam
1298 1804 1381 1890 quid·

244 1911 319 1994 quid
348 1910 554 1995 disputavere
584 1911 748 1989 Heinsius,
780 1911 963 1994 Rupertins,
993 1909 1116 1993 Thit01)
1147 1911 1296 1994 ,rapite'
1320 1905 1382 1972 effi·

243 2015 351 2080 eaeius
380 2033 464 2095 erse,
498 2010 620 2097 ,eapite’
646 2022 698 2078 est
718 2011 824 2078 lectio·
837 2011 1050 2092 Coloniennis,
1083 2012 1154 2078 loeo
1177 2013 1307 2078 statim
1330 2027 1379 2073 no

243 2115 397 2181 minando
425 2117 615 2181 confirmata
647 2149 688 2160 -
723 2113 795 2178 sine
816 2113 912 2178 dnbio
934 2114 1065 2178 auribus
1086 2123 1206 2198 poetae
1234 2110 1380 2178 inhaesit

243 2215 492 2284 Hannibalieum
512 2217 593 2282 iilud
616 2235 718 2295 ,arma
740 2217 857 2298 eapite’
879 2214 1194 2299 ap.Liv.XX1,43
1218 2219 1244 2297 ξ
1271 2217 1304 2280 7.
1432 2236 1436 2247 ·

348 2318 413 2384 Sed
436 2319 627 2401 priusquam
642 2317 677 2381 in
692 2325 854 2380 certamen
870 2315 975 2400 ipsum
990 2317 1244 2399 descenderent,
1271 2313 1375 2380 subito

242 2419 425 2502 prodigium
452 2419 583 2484 obvenit
615 2416 915 2503 (vss.103-120):
947 2439 1005 2502 per
1030 2421 1145 2485 sudum
1170 2421 1269 2484 enim
1295 2413 1373 2480 aeni·

242 2519 326 2603 piter
348 2521 389 2584 de
410 2520 477 2585 alto
499 2520 591 2586 eaelo
613 2539 649 2584 se
664 2518 882 2602 praeeipitens
906 2521 1046 2587 sedeoinr
1062 2523 1293 2587 columbarum
1310 2525 1373 2582 tur·

244 2624 314 2688 batn
338 2622 506 2706 dissipavit
528 2642 568 2688 ae
589 2623 655 2686 iarn
677 2629 805 2705 praeter
828 2641 925 2687 unam
946 2642 1061 2688 omnes
1082 2632 1278 2704 necaverat,
1303 2635 1369 2684 eun

243 2723 353 2806 aquila
374 2724 607 2808 superveniens
629 2742 723 2788 avem
748 2742 896 2806 rapacem
921 2725 1013 2806 fugat
1027 2735 1069 2806 et,
1091 2733 1271 2809 postquam
1288 2715 1369 2787 bend

242 2826 343 2892 semel
365 2827 485 2891 laetum
508 2826 682 2890 clamorem
703 2823 821 2901 edidit,
847 2824 906 2889 filii
936 2826 1078 2893 consulis
1100 2825 1228 2892 euteide
1253 2823 1368 2890 leviter

242 2931 330 2992 tauta
362 2934 394 2992 in
423 2930 524 2993 nubes
551 2928 670 2993 avolat.
714 2927 784 2991 Hoe
810 2945 919 3009 omen,
950 2929 1025 3010 qnia
1046 2928 1157 2994 Livius
1178 2947 1205 2993 e.
1228 2929 1289 3005 46,
1312 2921 1367 3008 §2

244 3028 307 3092 duo
330 3029 395 3092 alia
418 3039 593 3106 enumeret,
615 3028 829 3112 Heybeebero
851 3028 943 3109 (diss.
966 3050 997 3113 p.
1020 3031 1064 3096 24
1083 3049 1132 3095 nr.
1146 3032 1183 3095 11
1199 3052 1244 3090 =
1260 3041 1365 3113 progr·

239 3148 271 3212 p.
294 3130 335 3195 21
358 3149 404 3193 nr.
430 3130 483 3215 11)
519 3150 618 3197 eausa
650 3131 726 3210 t'uit,
764 3136 799 3194 ut
831 3149 940 3196 rursus
972 3131 1094 3196 fontem
1122 3151 1193 3196 oum
1224 3130 1365 3196 Liviana

244 3231 428 3298 narratione
452 3225 648 3316 pugnantem
673 3231 938 3315 deprehenderet.
983 3231 1049 3297 Sed
1063 3232 1166 3297 futilis
1182 3233 1263 3298 mibi
1277 3228 1363 3297 vide·

241 3341 290 3397 tur
311 3332 389 3398 baeu
404 3333 495 3398 ratio.
529 3334 611 3399 Nam
635 3351 691 3397 eur
705 3339 799 3414 poeta
823 3333 852 3397 h.
876 3333 897 3398 1.
920 3333 1036 3398 tradita
1051 3335 1215 3414 abieeerit,
1238 3327 1362 3400 nemini

241 3433 373 3498 dubium
394 3453 466 3502 esse
488 3443 604 3519 potest,
627 3434 680 3517 qui
703 3433 870 3514 deliberat,
905 3435 935 3499 ei
964 3443 1040 3499 ante
1069 3436 1184 3500 initum
1211 3437 1361 3518 primurn,

244 3535 326 3617 qnod
362 3535 499 3618 quidem¹
526 3537 742 3619 deseriptione
777 3535 909 3619 dignum
943 3536 1064 3616 habuit,
1101 3557 1173 3604 eum
1205 3530 1359 3602 &nanis

241 3635 398 3718 proelium
432 3658 496 3703 non
527 3637 592 3702 illis
625 3637 781 3721 prodigiis
804 3639 929 3702 tristem
952 3656 1081 3721 pugnae
1105 3638 1289 3704 Tioinensis
1310 3651 1358 3698 ex·

242 3737 319 3800 itum
352 3740 616 3821 portendentibus
639 3758 720 3822 opus
743 3739 854 3819 fnisse,
891 3739 949 3804 sed
971 3739 1077 3823 potius
1101 3750 1254 3822 monstro,
1276 3729 1356 3821 quod

240 3837 397 3919 utrimque
428 3859 498 3904 eum
527 3841 645 3924 gaudio
671 3849 836 3923 acceptum
864 3858 929 3904 non
958 3841 1052 3906 modo
1075 3862 1228 3926 magnum
1259 3842 1355 3907 uerte·

241 3946 380 4005 turorum
403 3942 519 4007 animis
542 3942 705 4006 stimulum
727 3940 924 4023 admoveret,
948 3941 1005 4008 sed
1022 3943 1119 4008 etiam
1135 3965 1193 4030 pro
1208 3941 1352 4010 vaticina·

346 4158 376 4225 1)
398 4162 503 4226 quaest.
522 4158 569 4214 Sil.
589 4160 649 4216 orit,
669 4176 695 4229 p.
714 4159 756 4217 19.
