2908 4724
782 345 822 412 78

246 531 410 596 Romanos
439 531 473 595 in
495 530 590 595 rebus
619 529 728 612 arduis
756 529 817 595 sibi
840 526 1026 596 fortitudine
1049 529 1202 596 voluisse
1228 531 1381 610 ,condere

247 651 364 697 nomen
372 632 475 711 Quale
491 631 580 697 dedit
593 651 765 714 numquam
781 631 875 697 rebus
889 633 1015 697 fortuna
1030 631 1199 698 secundis'
1219 652 1382 718 apponam

248 731 439 815 e10roeio,
465 734 520 817 qui
547 733 624 798 dicit
645 733 700 816 IV,
726 734 747 799 6
775 741 851 799 extr.
880 732 977 816 ,apud
1004 735 1093 816 quos'
1123 734 1190 820 (sc.
1217 754 1379 818 paganos,

247 836 425 916 Romanos)
449 854 585 918 ,summa
615 835 701 899 mala
721 854 780 920 pro
803 835 937 901 summis
967 834 1059 900 bonis
1089 837 1282 902 aestimata
1302 845 1382 917 sunt,

216 1007 218 1012 ,
246 945 282 1002 ut
303 937 440 1020 gloriam
464 937 571 1002 lamae
595 937 754 1002 celebrem
775 943 871 1020 atque
892 936 1051 1002 illustrem
1074 933 1378 1022 consequerentur?

353 1037 485 1104 Interim
517 1037 680 1103 Hannibal
709 1038 818 1122 copias
846 1040 900 1105 via
937 1045 969 1104 et
1000 1039 1163 1106 laboribus
1203 1040 1326 1106 fessas
1354 1039 1383 1102 in

248 1138 356 1204 Gallia
380 1137 548 1224 Cisalpina
569 1141 635 1207 otio
657 1149 796 1219 reorent,
826 1141 897 1223 ipse
926 1147 1050 1204 tantum
1077 1140 1259 1226 inquietus
1289 1151 1327 1212 ,et
1348 1160 1384 1204 ea
1433 1156 1434 1161 ’

246 1241 381 1322 iactans,
410 1260 493 1324 qnae
515 1262 566 1325 ap.
589 1240 716 1306 Livium
738 1241 771 1306 in
793 1241 929 1325 Alpibus
951 1243 993 1308 ab
1014 1262 1052 1308 eo
1076 1242 1164 1310 dieta
1187 1247 1226 1312 h.
1244 1245 1268 1309 l.
1286 1243 1383 1308 etiam

247 1344 389 1426 apertius
420 1344 520 1410 Silius
547 1343 693 1409 versibus
724 1343 883 1428 expressit
912 1362 1008 1425 quam
1036 1346 1195 1425 111‚509
1231 1365 1320 1431 sqq,
1353 1351 1382 1409 et

248 1445 360 1512 Gallos
382 1445 470 1513 omni
493 1445 587 1509 modo
616 1444 649 1508 in
680 1463 755 1510 suas
782 1453 891 1528 partes
919 1445 1058 1511 trahens.
1101 1447 1140 1511 In
1166 1449 1240 1514 hac
1264 1455 1382 1533 poetae

245 1548 432 1613 narratione
454 1547 532 1633 (vss.
554 1545 695 1632 39-50)
724 1547 892 1613 verborum
919 1546 1047 1630 quidem
1074 1547 1178 1614 forma
1205 1571 1227 1616 e
1254 1550 1380 1615 duabus

248 1648 441 1732 corruptelis
457 1649 563 1714 labem
578 1649 727 1728 traxisse,
744 1669 795 1715 res
811 1669 889 1715 vero
901 1651 971 1714 sine
987 1669 1087 1716 cauea
1101 1651 1133 1715 in
1150 1651 1378 1736 suspicionem

248 1749 378 1815 venisse
400 1749 479 1815 milri
500 1750 661 1819 ridentur.
690 1752 733 1818 Et
754 1750 840 1834 quod
855 1750 897 1815 ad
911 1751 1001 1836 prius
1015 1752 1140 1834 attinet,
1156 1754 1378 1831 Schraderus,

247 1852 337 1917 ouius
359 1851 400 1916 ad
416 1851 532 1918 Silium
555 1855 796 1920 emendationes
817 1851 936 1936 publici
956 1852 1036 1919 iuris
1057 1854 1136 1920 feeit
1149 1857 1327 1939 Hauptius
1347 1853 1374 1916 in

244 1953 386 2019 Hermae
422 1961 498 2022 tom.
534 1955 580 2021 IV
616 1945 780 2038 (1869l70)
818 1975 850 2040 p.
877 1955 957 2031 345,
986 1965 1073 2022 reete
1101 1959 1133 2022 in
1160 1979 1212 2026 vs.
1244 1959 1294 2026 45
1323 1973 1376 2040 pro

245 2055 482 2139 ,Armiferae
496 2057 694 2141 quondam
704 2057 905 2142 priscainter
915 2061 1206 2143 temporagentes',
1218 2060 1375 2145 quiasinc

245 2157 466 2224 additamento
490 2158 622 2225 minime
643 2167 679 2224 nt
692 2159 762 2241 XV,
779 2160 850 2238 172,
869 2177 962 2240 quem
978 2162 1082 2226 locum
1097 2162 1182 2227 male
1198 2165 1374 2228 arcessunt

241 2260 399 2339 editores,
422 2260 545 2325 clarum
568 2269 630 2343 est,
653 2280 732 2344 quoe
747 2263 883 2346 populos
897 2269 992 2346 poeta
1007 2263 1177 2346 intelligat,
1200 2261 1373 2350 proposuit
1433 2276 1434 2283 ¹

245 2361 571 2446 ‚ArmiferaeSen
581 2361 715 2445 onum'3
731 2363 848 2428 deinde
858 2373 964 2429 autem
975 2365 1374 2432 lnvs.49locoverborum

244 2461 309 2548 ‚hic
338 2462 414 2527 dum
444 2460 598 2528 sollicitat
628 2463 738 2540 donis’,
768 2483 851 2546 qrrae
878 2466 1034 2532 obiectum
1060 2467 1265 2548 desiderant,
1297 2465 1371 2548 ,has'

245 2564 303 2650 (eo.
327 2563 455 2649 gentes)
485 2563 581 2646 ,dum’
611 2562 816 2631 scribendum
842 2566 958 2634 iudico.
1001 2570 1068 2633 lam
1102 2571 1129 2634 si
1160 2571 1201 2634 ad
1230 2591 1288 2636 res
1319 2586 1371 2633 nos

245 2665 411 2745 vertimus,
426 2665 660 2750 Heynaoherus
676 2668 771 2752 (diss.
788 2687 818 2750 p.
834 2668 877 2733 24
891 2688 937 2733 ur.
954 2671 1032 2735 9:
1047 2691 1150 2754 progr.
1166 2692 1198 2756 p.
1214 2676 1258 2739 21
1279 2693 1327 2737 nr.
1340 2669 1369 2750 9)

246 2769 289 2834 ad
319 2787 449 2834 versum
480 2767 523 2834 50
554 2769 702 2852 adnotat,
738 2769 849 2834 Gallos
881 2769 915 2834 in
948 2791 1057 2854 pugna
1080 2771 1250 2840 Tioinensi
1286 2768 1367 2856 apud

246 2869 360 2937 Silium
392 2870 425 2935 in
459 2878 551 2955 parte
573 2872 780 2949 Hannibalis,
820 2872 905 2954 apud
928 2872 1055 2940 Livium
1086 2875 1118 2938 in
1150 2876 1366 2941 Romanorum

247 2973 388 3038 exercitu
403 2991 563 3056 pugnare:
586 2973 714 3057 qualem
730 2972 981 3054 discrepantiam
996 2975 1067 3040 fieri
1081 2997 1146 3040 nou
1161 2997 1273 3060 posse,
1296 2973 1367 3058 quin

246 3071 425 3154 ediversis,
438 3092 518 3155 quos
534 3079 670 3159 uterque
680 3075 815 3158 scriptor
827 3082 956 3141 secutus
972 3076 1024 3157 sit,
1041 3076 1182 3144 lontibus
1195 3078 1365 3145 derivetur.

249 3172 315 3240 Sed
337 3173 475 3258 primum
498 3195 558 3240 nee
579 3176 731 3261 Polybius
754 3195 815 3240 nee
837 3175 948 3242 Livius
971 3197 1132 3261 negavere
1157 3180 1270 3248 Gallos
1295 3185 1366 3244 ante

249 3295 392 3359 pugnam
427 3274 470 3340 ad
505 3276 654 3342 Ticinum
690 3279 896 3344 commissam
935 3299 974 3343 ex
999 3280 1097 3346 Italia
1133 3284 1299 3368 superiore
1335 3279 1364 3343 in

250 3386 358 3444 castra
380 3377 572 3444 Hannibalis
594 3380 793 3462 pervenisse.
831 3379 915 3459 Quin
937 3390 969 3445 et
994 3381 1049 3446 ille
1071 3383 1130 3466 111,
1152 3386 1195 3450 44
1216 3387 1234 3469 5
1256 3388 1279 3454 5
1301 3399 1364 3464 sqq.

251 3481 331 3554 τούς
351 3481 566 3562 βασιλίσκους
588 3477 667 3557 τοὺς
688 3484 763 3569 περὶ
786 3478 944 3566 Μάγιλον
973 3533 981 3549 .
1011 3531 1019 3547 .
1056 3490 1090 3549 ἐκ
1120 3489 1188 3550 τῶν
1209 3490 1285 3576 περὶ
1309 3479 1365 3550 τὸν

250 3577 371 3646 Πάδον
392 3578 514 3646 πεδίων
536 3589 569 3646 et
590 3583 642 3647 lrio
663 3582 747 3663 XXI,
769 3584 811 3650 29
834 3585 852 3667 ἕ
875 3584 896 3649 6
927 3584 1063 3667 ,legatos
1091 3586 1242 3654 Boiorum
1275 3603 1362 3667 regu·

251 3682 380 3765 lemque
413 3681 587 3764 Megalum'
614 3685 788 3752 advenisse
816 3697 846 3752 et
868 3687 966 3753 duces
995 3686 1120 3753 itineris
1149 3709 1185 3755 se
1213 3690 1361 3756 obtulisse

250 3783 419 3866 tradunt.¹)
465 3782 544 3861 Quis
567 3785 663 3869 igitur
685 3794 814 3872 poetam
835 3795 956 3871 arguat,
985 3789 1068 3871 quod
1095 3792 1204 3856 omnia
1230 3791 1359 3861 vividio-

251 3884 339 3950 ribue
369 3884 528 3952 coloribus
557 3887 706 3972 pingens,
740 3908 780 3954 ex
808 3890 925 3973 legatis
953 3890 1017 3955 iam
1039 3899 1234 3975 pugnatores
1256 3889 1360 3960 feeerit
1432 3977 1433 3987 ἵ

358 4111 386 4181 1)
405 4112 440 4168 ei.
458 4113 551 4183 Polyb.
569 4114 620 4182 ΙΙΙ,
639 4132 662 4175 c.
680 4117 716 4172 48
734 4116 751 4186 fi
770 4118 813 4176 11.
831 4134 854 4177 c.
874 4118 910 4173 ὅθ
927 4113 945 4189 ἓ
964 4117 989 4174 6.
1026 4118 1083 4176 Lir.
1102 4117 1175 4186 XXI,
1198 4119 1233 4173 32
1252 4115 1269 4190 ξ
1286 4116 1310 4171 9.
1327 4133 1358 4150 ··

252 4200 337 4268 sude,
356 4202 427 4272 quod
445 4202 617 4274 Polyb.post
634 4205 728 4260 urbem
747 4205 925 4260 Taurinorum
944 4206 978 4259 ab
990 4205 1143 4260 Hannibale
1161 4209 1266 4276 captam
1282 4196 1356 4258 notit
