2936 4718
670 294 691 358 9

123 477 165 542 ad
196 495 316 542 nonum
343 478 383 541 ab
413 477 542 560 incepto
569 476 628 540 lroe
656 495 754 560 opere
782 477 929 558 quintum
952 478 1102 560 pertinet,
1130 499 1161 563 p.
1187 481 1242 563 52)

124 579 165 644 de
188 581 334 661 Angusto
357 577 506 662 Ghory,
529 579 582 661 qui
605 578 736 661 Lipsiae
758 597 844 643 anno
867 578 948 643 1877
972 580 1242 660 ,emendationum

126 681 320 748 Silianarnrn
342 679 515 762 specimen'
548 680 605 755 (ad
638 691 704 744 tres
732 679 852 762 primos
885 690 1001 763 poetae
1030 682 1128 747 libros
1151 702 1240 766 speu-

126 781 275 861 tantium)
306 782 480 865 publicarit
512 791 544 846 et
577 783 677 846 multa
710 801 751 846 ne
784 781 892 846 felicia
929 783 1055 865 quidem
1095 785 1241 866 tentavit,

126 893 211 948 recte
252 883 322 947 eius
358 882 617 949 dissertationem
659 895 897 967 praematuram
931 903 1005 949 esse
1043 885 1240 952 iudicaverit.

124 985 244 1051 Contra
267 1005 351 1050 nova
373 986 429 1050 illa
455 994 561 1052 textus
584 986 806 1064 conformatio,
839 1004 910 1050 cnm
934 1005 986 1050 res
1009 987 1050 1051 ad
1071 988 1242 1054 minutiora

121 1089 308 1171 plerumque
331 1092 452 1164 redeat,
487 1109 549 1154 non
583 1088 697 1153 eodem
732 1087 826 1152 modo
860 1086 900 1150 ad
932 1085 1029 1152 fidem
1053 1089 1239 1154 historicam

121 1189 196 1255 Silii
218 1189 466 1254 examinandam
500 1191 685 1256 necessaria
723 1199 782 1254 est.
827 1189 920 1255 Unde
950 1189 1032 1255 torte
1055 1191 1184 1268 accidit,
1208 1202 1243 1255 ut

119 1291 217 1374 paulo
240 1291 380 1355 alacrius
403 1291 510 1357 studia
532 1292 754 1358 historicorum
784 1301 899 1375 poetae
927 1311 1060 1376 operam
1090 1293 1239 1358 dederint

120 1403 154 1456 et
176 1393 306 1474 qnidam
329 1393 431 1458 nostri
453 1393 571 1458 saecoli
595 1394 655 1459 viri
685 1394 771 1458 docti
800 1394 878 1478 quid
914 1393 955 1459 de
991 1394 1133 1460 lontibus
1171 1396 1241 1460 eius

122 1494 328 1559 statuendum
368 1503 469 1572 esset,
506 1496 735 1578 quaesiverint.
791 1495 932 1574 Quorum
964 1495 1085 1579 primus
1123 1516 1240 1562 memo-

121 1596 242 1660 randus
264 1598 316 1661 est
329 1595 571 1674 Cossutius,
595 1597 649 1681 qui
664 1597 887 1664 dissertatione
903 1597 1039 1664 Halousi
1054 1618 1140 1662 anno
1159 1599 1241 1664 1844

119 1735 162 1746 -
181 1699 400 1782 ,quaestiones
417 1699 571 1765 Silianae'
595 1699 751 1782 inscripta
774 1709 824 1764 est
844 1737 887 1748 -
908 1707 1053 1766 veterum
1075 1720 1236 1767 commen-

122 1808 259 1864 tatorum
293 1802 499 1879 sententiam,
535 1802 649 1866 Silium
681 1812 745 1865 tarn
780 1803 811 1865 in
834 1803 929 1866 rebus
952 1820 1047 1883 qnam
1080 1803 1240 1866 informa

123 1901 213 1966 Livio
240 1911 316 1966 ante
344 1903 425 1967 alios
458 1922 549 1967 usum
591 1921 674 1981 esse,
708 1901 899 1967 confirmare
929 1904 1061 1980 studuit,
1098 1917 1238 1970 ceterum

125 2013 249 2085 poetam
273 2013 307 2068 ut
328 2017 499 2086 poetam,
519 2005 572 2088 qni
595 2011 785 2068 ornamenta
807 2004 1000 2069 narrationis
1023 2007 1239 2088 excogitasset

123 2123 181 2169 neo
200 2105 308 2169 omnia
330 2124 369 2171 ex
391 2107 520 2191 scriptis
543 2106 683 2172 fontibus
706 2106 921 2189 sepelivisset,
943 2105 1139 2170 censendum
1164 2125 1237 2171 esse

122 2210 244 2273 monuit
267 2217 309 2292 (p.
321 2211 386 2292 40),
409 2209 548 2291 denique
570 2211 699 2291 praeter
713 2227 765 2272 res
788 2208 830 2272 ad
846 2207 1052 2290 antiqnitates
1068 2217 1101 2272 et
1115 2207 1237 2290 mytho-

121 2310 241 2392 logiom
268 2321 453 2395 spectantes
483 2310 548 2376 fido
574 2329 638 2376 non
668 2310 799 2393 dignum
830 2329 903 2376 esse
930 2316 1094 2376 auctorem
1114 2310 1241 2393 putavit

120 2413 167 2496 (p.
194 2414 260 2492 56).
319 2414 408 2479 Haec
439 2413 516 2478 licet
550 2431 703 2495 perquam
740 2431 821 2477 sano
856 2411 976 2476 iudicio
1013 2411 1238 2494 disputaverit,

119 2523 229 2580 tamen
251 2515 284 2579 in
308 2516 493 2581 universum
516 2532 613 2596 agere
628 2533 724 2596 quam
740 2513 929 2597 ampliorem
944 2512 1097 2578 carminis
1112 2521 1237 2596 partem

118 2615 309 2699 singillatim
331 2624 527 2700 pertractare
549 2615 671 2682 maluit
717 2616 867 2699 Sequitur
883 2615 920 2678 E.
937 2613 1161 2689 Wenelius,
1184 2615 1239 2695 qui

118 2718 249 2804 Lipsiae
273 2720 355 2803 1873
376 2719 438 2797 ,De
461 2717 496 2789 O.
520 2717 593 2784 Silii
614 2717 718 2782 Italici
742 2737 811 2783 cum
829 2717 970 2782 fontibus
985 2720 1052 2781 tum
1069 2714 1236 2799 exemplis’

119 2818 289 2900 disseruit,
318 2830 352 2885 at
379 2819 481 2902 magis
510 2820 551 2884 ad
582 2818 716 2884 formam
745 2818 883 2884 intendit
911 2827 959 2897 et,
982 2835 1175 2901 quamquam
1198 2817 1237 2880 ob

118 2920 319 3004 diligentiam
342 2943 361 2985 a
377 2921 575 2986 Baehrensio
591 2921 738 2986 Bursian.
762 2920 866 2986 relati.
889 2939 966 2985 ann.
982 2920 1007 2985 l.
1027 2919 1108 2984 1873
1127 2938 1157 3000 p.
1172 2917 1236 2983 215

119 3031 152 3088 et
166 3043 186 3087 a
202 3023 328 3089 Blassio
346 3025 454 3088 annal.
471 3023 675 3088 Fleckeisen.
694 3022 777 3088 1874
791 3040 823 3104 p.
838 3023 898 3086 471
916 3020 1077 3099 laudatus,
1098 3021 1237 3105 plorum-

120 3137 180 3206 qne
203 3126 291 3191 locos
314 3124 502 3210 aRupertiu
524 3123 683 3189 indicatos
699 3124 883 3189 describere
899 3131 950 3188 sat
965 3121 1085 3186 habuit.
1093 3120 1117 3207 ¹)
1139 3122 1237 3186 Deni-

119 3248 179 3314 que
202 3229 234 3292 in
267 3247 306 3293 eo
330 3227 401 3312 ipso
423 3228 539 3311 capite,
570 3246 631 3310 quo
654 3225 793 3290 maxime
815 3244 875 3291 sua
897 3213 1029 3308 profert,
1053 3243 1165 3289 versus
1188 3223 1237 3289 si-

118 3332 224 3396 lianus
247 3338 280 3396 et
302 3329 468 3396 Ennianos
495 3329 579 3392 inter
602 3347 637 3393 se
660 3346 861 3412 comparans,
884 3327 965 3392 ratio
987 3327 1057 3391 eins
1079 3323 1235 3390 artificio-

121 3436 187 3500 sior
219 3451 313 3516 quam
340 3431 447 3496 verior
469 3440 528 3496 est.
572 3429 640 3495 Nec
659 3429 826 3513 quicquum
851 3449 922 3494 eum
945 3428 1025 3494 certi
1047 3427 1169 3506 eruisse
1194 3429 1241 3492 in·

119 3536 243 3600 tellexit
263 3542 392 3618 praeter
415 3533 497 3598 alios
513 3532 730 3596 Baehrensins
752 3531 771 3595 l.
787 3551 814 3595 o.
829 3530 1125 3612 demonstravitque
1145 3528 1236 3594 Blas-

120 3637 187 3701 sius
210 3636 409 3702 recensionis
440 3636 548 3700 annal.
571 3633 733 3699 Fleckeis.
762 3633 838 3697 inde
861 3653 880 3696 s
902 3633 924 3698 l.
948 3632 966 3696 l.
990 3629 1141 3714 scriptae,
1174 3649 1237 3713 qus

120 3807 331 3819 *—

228 3892 257 3962 1)
274 3894 375 3949 Multos
394 3895 518 3948 auctores
537 3901 569 3948 tx
581 3894 626 3948 his
644 3895 751 3947 tantm
770 3892 846 3960 locis,
865 3905 931 3960 quos
943 3889 1095 3956 accuratius
1108 3888 1237 3958 inspexit,

119 3980 227 4036 novisse
251 3997 302 4037 nse
324 3983 385 4052 ipse
414 3984 567 4053 perlegisse
591 3981 706 4039 videtur.
748 3980 784 4036 Et
810 3995 844 4034 ne
871 3976 954 4033 verbs
980 3978 1089 4048 quidem
1105 3983 1149 4032 ‘tx
1176 3976 1237 4031 aliis

118 4067 295 4140 scriptoribus
318 4087 335 4125 a
356 4071 490 4143 Rupertie
515 4072 570 4126 ism
600 4072 630 4125 in
654 4068 876 4126 adunationibus
901 4069 1027 4136 excerpta
1051 4073 1081 4120 et
1104 4066 1237 4135 impressa

117 4173 211 4212 secure
230 4160 350 4229 repetere
368 4161 473 4216 veritus
491 4164 542 4228 est,
561 4163 592 4215 ut
609 4159 689 4214 facila
707 4159 804 4228 unique
822 4155 913 4211 ridere
930 4155 1005 4210 lieet.

1022 4257 1039 4310 2
