2908 4724
627 375 668 441 73

72 561 253 639 ἐπιμένειν
281 553 342 637 τὴν
364 553 463 642 χιόνα
492 560 547 622 καὶ
577 559 701 645 θέρους
728 561 784 624 καὶ
803 563 964 645 χειμῶνος
996 559 1119 643 (Polyb,
1141 560 1202 628 III.

74 678 114 724 o.
145 657 187 723 55
212 661 231 740 9
258 659 302 742 9),
336 659 550 731 consentiunt,
585 669 628 738 ut,
661 661 819 744 quomodo
853 659 1082 746 lleynacbcrus
1117 661 1204 743 inde,

75 760 172 843 qnod
202 760 311 836 ,Silius
341 761 439 826 allein
463 761 515 827 die
537 762 751 846 einlormigen
777 782 901 846 grauen
924 763 1087 828 Eleleider
1109 763 1203 828 schil-

78 861 171 944 dert,
205 881 297 928 nsum
329 861 462 928 aliorum
498 862 633 929 sontium
662 884 773 931 eruere
801 865 949 948 potuerit,
983 885 1112 949 prorsus
1141 885 1205 932 non

76 964 283 1046 intellegam.

195 1066 256 1146 Qui
279 1087 393 1132 versus
416 1067 549 1154 proximi
569 1047 796 1151 adiunguntur,
819 1069 997 1144 540—549,
1021 1068 1061 1133 iis
1077 1089 1207 1152 pugnae

81 1186 159 1234 eum
191 1167 342 1252 gentibus
365 1169 493 1254 Alpinis
528 1169 633 1236 factae
667 1174 701 1236 et
728 1177 793 1234 tam
822 1191 842 1235 a
864 1171 998 1254 Polybio
1023 1171 1079 1244 lli,
1103 1192 1129 1236 c.
1151 1171 1205 1250 50,

74 1271 99 1354 9
127 1271 245 1352 2-51,
266 1270 284 1354 9
309 1273 348 1337 10
370 1279 403 1336 et
429 1291 454 1338 c.
477 1272 519 1338 52
542 1273 560 1358 9
583 1272 726 1356 3-539
752 1271 771 1338 8
794 1292 929 1356 quama
957 1271 1049 1336 Livio
1071 1271 1157 1355 XXI,
1179 1293 1206 1339 c.

71 1373 126 1440 32
151 1372 169 1455 9
192 1371 297 1438 8-35
322 1373 340 1456 9
364 1374 384 1439 3
405 1373 644 1439 accuratissime
668 1374 790 1439 relatae
812 1374 931 1440 strictis
954 1382 987 1439 et
1008 1375 1120 1458 paucis
1137 1394 1206 1440 rer-

73 1475 134 1540 bis
169 1472 397 1540 describnntur.
442 1477 592 1543 Attamen
628 1493 669 1540 ne
706 1476 752 1540 sic
781 1477 910 1558 quidem
939 1484 1036 1559 poeta
1058 1478 1099 1540 ad
1122 1475 1206 1542 Livii

74 1575 187 1643 verba
209 1575 352 1642 alludere
381 1577 517 1643 desinit:
541 1587 575 1642 ut
597 1597 624 1642 e.
647 1599 677 1662 g.
702 1579 914 1649 eversu542.
938 1579 967 1643 si
982 1587 1206 1643 ornamentum

73 1677 248 1765 postianm
270 1677 393 1762 demas,
421 1680 505 1746 Livii
528 1679 685 1761 ‚homiues
708 1681 853 1746 intonsos
876 1689 908 1745 et
931 1681 1079 1745 incultos’
1102 1682 1142 1766 (c.
1165 1681 1209 1747 32

78 1784 100 1866 9
127 1781 165 1864 7)
188 1779 285 1847 facile
308 1799 522 1864 recognoscas
545 1789 577 1846 et
599 1781 695 1848 rerba
716 1781 839 1864 legens,
870 1801 953 1865 quae
981 1788 1055 1845 sunt
1077 1781 1208 1864 ,Alpina

83 1934 92 1950 .
121 1934 130 1949 .
155 1901 269 1947 manos
295 1881 528 1948 adsueto..
553 1882 662 1966 vigore
692 1883 753 1947 Per
786 1881 899 1947 dumos
929 1891 1086 1965 notasque
1115 1885 1206 1950 nivea

86 2034 95 2051 .
122 2036 129 2049 .
153 2033 161 2049 .
182 1984 313 2050 infestat
335 1984 470 2049 hostem'
493 1989 552 2062 (vs.
575 1986 639 2052 544
660 1987 718 2070 sq.)
742 1980 877 2049 Liviana
909 1982 1057 2060 ,dirersis
1080 1985 1209 2066 rupibus

87 2087 182 2150 iuxta
202 2087 232 2150 in
256 2087 346 2151 invia
371 2108 408 2154 ac
429 2087 524 2153 devia
547 2087 706 2155 adsueti
729 2086 910 2152 decurrunt‘
934 2083 975 2170 (c.
999 2085 1040 2150 33
1055 2087 1075 2166 9
1089 2083 1123 2168 4)
1143 2103 1207 2150 me·

89 2187 231 2254 mineris.
275 2189 344 2255 Nec
367 2188 450 2254 idem
474 2189 645 2256 historicus
668 2209 693 2255 c.
716 2190 757 2255 36
779 2191 799 2270 9
821 2187 840 2254 8
863 2205 925 2252 nee
946 2186 1096 2270 Polybius
1119 2207 1146 2251 c.
1165 2185 1209 2254 55

86 2290 107 2374 9
119 2289 144 2356 5
157 2309 255 2374 equos
271 2291 304 2354 in
320 2290 427 2374 glacie
440 2301 571 2376 pertusa
585 2293 677 2377 quusi
693 2290 830 2357 vinculis
843 2295 984 2355 retentos
999 2287 1058 2372 (vs.
1070 2289 1135 2356 550
1146 2287 1210 2375 sq.)

82 2392 276 2478 omiserunt.
322 2395 364 2457 At
393 2395 562 2459 multorum
596 2395 738 2459 membra
761 2392 881 2475 frigore
904 2390 1051 2455 ambusta
1073 2410 1145 2456 esse
1169 2391 1210 2456 de

83 2513 148 2562 suo
175 2493 275 2562 libere
303 2496 448 2564 annectit
474 2501 535 2575 (rs.
557 2495 621 2566 552
644 2500 722 2580 sq.),
759 2503 794 2562 ut
814 2492 1058 2578 Heyuaeberum
1087 2498 1145 2560 boe
1168 2492 1211 2564 ud

83 2595 284 2666 mamutium
314 2616 405 2668 tuum
435 2598 685 2664 confirmandum
710 2617 773 2664 non
797 2595 945 2662 attulisse
970 2594 1080 2660 mirari
1103 2594 1208 2660 liceat.

198 2697 441 2764 Duodecimo
484 2700 537 2765 dio
574 2700 606 2764 in
644 2719 785 2765 summes
818 2698 918 2781 Alpes
951 2696 1144 2779 perveniunt
1177 2703 1211 2760 et

82 2807 198 2868 castm
221 2809 347 2884 ponunt
380 2801 459 2887 (vso.
484 2802 674 2886 554-556).
720 2801 781 2866 ilic
809 2817 961 2864 numerus
988 2806 1099 2862 contra
1122 2801 1210 2864 seru

81 2902 214 2987 Polybii
236 2903 277 2987 (c.
301 2902 343 2969 53
364 2904 382 2990 9
402 2903 437 2984 9)
459 2913 491 2969 et
513 2903 597 2969 Livii
621 2913 661 2980 (c.
678 2905 719 2970 35
734 2903 796 2988 94)
821 2898 1013 2978 testimonia,
1037 2900 1089 2981 qui
1107 2918 1211 2970 nono

82 3007 141 3071 dle
166 3004 380 3070 Hannibalem
410 3007 442 3069 in
467 3007 606 3072 culmine
629 3007 730 3074 fnisse
753 3003 891 3086 tradunt,
915 3001 961 3066 nil
983 3002 1078 3070 valet.
1124 3001 1210 3068 Con·

83 3107 170 3178 cedo
192 3115 300 3176 tamen
323 3107 535 3192 Heynacbero
557 3110 648 3194 (diss.
671 3130 701 3194 p.
723 3109 774 3182 23,
797 3107 827 3190 6,
846 3124 951 3190 progr.
975 3125 1005 3190 p.
1025 3107 1077 3186 21,
1094 3105 1128 3178 l)
1152 3124 1212 3174 uec

82 3207 274 3294 praefracte
294 3229 379 3293 nego
412 3211 550 3282 eundem
583 3230 622 3282 au
652 3210 727 3280 Silii
760 3226 928 3278 numerum
949 3208 990 3276 ub
1009 3207 1083 3278 aliis
1111 3209 1211 3276 etium

84 3311 177 3384 baut
208 3312 406 3394 potuisse.
450 3313 567 3378 Verum
599 3313 686 3378 euim
717 3331 797 3376 uero
817 3328 881 3375 non
904 3309 1135 3391 demutentur
1169 3325 1212 3371 ne

85 3411 154 3482 hoo
175 3432 234 3496 pro
257 3433 292 3477 re
313 3415 494 3480 certissima
516 3423 729 3484 asseveretur,
750 3413 882 3477 laniant.
926 3410 1019 3488 Nam,
1034 3418 1071 3474 ut
1085 3419 1211 3473 taceam

86 3515 241 3600 aliquem,
263 3516 316 3600 qui
338 3517 575 3604 paragraphum
592 3516 717 3599 Polybii
741 3514 835 3579 modo
856 3513 1020 3577 laudatam
1036 3511 1215 3593 neglexerit

88 3637 129 3683 ex
159 3625 267 3683 cetera
297 3619 367 3683 eius
396 3620 580 3686 narratione
602 3617 771 3686 duodecim
794 3615 863 3680 dies
886 3615 919 3679 in
940 3611 1075 3698 Alpibus
1098 3632 1210 3680 ascen·

89 3719 208 3790 deudis
237 3719 452 3790 Hannibalem
487 3721 726 3810 consumpsisse
760 3719 854 3788 facile
891 3734 987 3804 posse
1024 3714 1210 3800 conicerest)

91 3883 305 3899 W

200 3971 229 4036 1)
248 3967 327 4041 Apud
345 3967 486 4038 Polybium
504 3969 576 4023 enim
595 3965 647 4034 Ill,
667 3981 689 4021 o.
708 3963 744 4020 50
762 3969 777 4029 9
796 3963 813 4018 b
831 3961 969 4017 Hannibal
997 3961 1093 4014 rtatim
1117 3977 1211 4016 asceu-

95 4074 142 4114 sus
158 4059 247 4122 initio,
267 4057 476 4113 cambutam
494 4057 564 4112 locis
583 4053 769 4126 superioribus
787 4051 890 4122 potitus
901 4049 999 4114 rideat,
1019 4053 1110 4104 cutm
1122 4050 1210 4120 ponit.

96 4143 165 4202 Tum
182 4147 245 4203 illos
265 4150 347 4204 noctu
366 4163 396 4201 se
413 4147 534 4216 recipere
552 4143 684 4214 comperit
702 4143 730 4214 (9
742 4143 778 4208 l).
814 4137 894 4196 Uirrio
912 4153 972 4194 enm
991 4155 1073 4194 unam
1092 4142 1210 4204 noctem,

96 4239 250 4310 priusquam
268 4237 386 4294 interdiu
405 4251 499 4291 rursus
518 4233 726 4306 progrederetur
739 4234 869 4288 ctocatre
880 4227 1006 4284 hostibus
1019 4227 1214 4298 propinquiora

998 4328 1015 4383 6
