2908 4724
654 336 715 402 109

113 538 223 602 supra
238 519 282 603 (p.
291 521 347 600 95)
361 519 401 584 da
415 518 626 584 nominibusa
639 519 746 586 fluviis
762 520 963 586 montibusve
972 519 1128 587 derivatis
1144 530 1243 588 statu-

114 629 189 684 tum
205 629 319 686 servet.
342 621 477 686 Barbari
486 620 549 685 duo
562 619 685 686 tantum
699 621 888 687 nominatim
897 621 1119 706 appellantur:
1143 624 1242 688 Pha-

115 722 256 787 lantus
279 724 357 802 (vss.
373 723 446 804 529,
460 719 539 804 533)
561 731 593 787 et
608 720 790 806 ,Cupencus
817 726 878 800 (vs.
895 724 986 806 535);
1008 744 1139 806 quorum
1156 724 1242 808 prior

116 843 223 906 quare
256 823 448 889 Hannibalis
481 833 589 906 partes
619 843 759 907 sequens
798 823 938 906 fingatur
968 843 1038 890 cum
1061 824 1174 890 eodem
1205 845 1243 916 ac

119 926 313 1008 Spartanus,
342 926 486 990 conditor
516 925 602 990 urbis
631 926 802 1008 Tarentil),
832 927 962 991 nominc
992 926 1157 1011 praeditus
1192 929 1244 1008 sit,

123 1047 236 1100 evsu,
260 1028 330 1106 VII,
364 1027 426 1093 665
458 1037 602 1111 apparet,
640 1028 692 1091 obi
715 1046 824 1092 rursus
857 1027 1051 1092 Phalantum
1083 1028 1243 1111 quendam
1301 1033 1304 1042 “

125 1130 186 1193 nisi
211 1129 348 1194 eundem
372 1129 559 1209 reperimus.
603 1128 801 1210 Imaginatus
834 1129 919 1194 enim
953 1132 1003 1194 est
1036 1140 1133 1212 poeta
1161 1131 1242 1196 Pha-

122 1230 248 1296 lantum
284 1230 586 1309 Lecedaemonium,
618 1230 797 1315 Xanthippi
830 1230 921 1296 ducis
951 1232 1243 1299 mercennariorum

122 1330 286 1408 comitem,
317 1332 348 1396 in
378 1332 489 1398 Africa
519 1351 558 1396 ex
585 1333 718 1398 muliere
750 1331 872 1398 Punica
899 1332 1017 1424 liberos
1044 1353 1244 1416 procreasse,

119 1453 205 1516 quos
228 1434 259 1496 in
284 1434 424 1500 exercitu
445 1434 624 1498 Poenorum
647 1434 805 1500 militasse
833 1455 891 1519 par
913 1434 1042 1519 putatf)
1085 1435 1243 1519 Cupen-

120 1555 211 1614 cus,
244 1535 339 1600 homo
371 1533 511 1600 nominis
540 1535 717 1617 Vergiliani
747 1538 843 1614 (Aen.
873 1535 946 1617 XII,
975 1536 1062 1618 639),
1091 1538 1118 1601 si
1141 1537 1243 1602 altero

121 1637 219 1704 oculo
242 1647 354 1721 captus
378 1636 479 1702 fuisse
501 1636 626 1718 dicitur,
649 1644 764 1720 poetae
794 1638 876 1702 forte
899 1639 1127 1704 obversabatur
1149 1638 1243 1704 Olau-

119 1740 199 1804 dius
222 1740 370 1817 Sabatra,
395 1738 508 1804 Gallus
531 1737 586 1802 ille
609 1746 642 1803 et
664 1739 770 1805 socius
786 1739 954 1805 seditionis
970 1739 1098 1806 Claudii
1121 1740 1244 1820 Civilia,

120 1843 179 1926 qui
197 1840 341 1906 aTacito
363 1840 452 1926 (hist.
468 1840 521 1917 IV,
544 1839 598 1923 62)
622 1839 751 1914 ,effosso
766 1841 857 1904 oculo
873 1840 961 1906 dirus
975 1842 1039 1906 ore'
1062 1842 1243 1925 appellatus

119 1951 211 2011 certe
234 1942 430 2026 temporibus
453 1941 587 2007 Silianis
611 1941 752 2006 omnium
775 1960 830 2006 ore
853 1941 1053 2026 ferebatur.³)

233 2063 282 2126 De
316 2060 421 2126 reditu
452 2042 668 2126 Rornanorum
697 2060 803 2142 agitur
839 2061 985 2125 versibus
1018 2061 1080 2128 698
1111 2081 1158 2146 sq.
1206 2063 1242 2128 ln

120 2165 187 2230 hac
209 2183 243 2227 re
267 2171 300 2228 ut
321 2171 417 2246 poeta
439 2183 502 2227 non
537 2181 607 2226 uum
644 2163 784 2227 historiis
816 2162 997 2226 consentiat
1028 2163 1104 2228 inde
1132 2183 1244 2230 conse·

120 2264 242 2346 quitur,
279 2265 361 2349 quod
399 2273 496 2328 antea
531 2264 571 2328 de
599 2263 806 2347 perruptione
834 2264 941 2329 decem
970 2263 1098 2330 illorum
1120 2266 1242 2332 milium

120 2364 171 2429 nil
194 2365 330 2447 dixerat,
352 2365 435 2449 quod
458 2365 643 2450 Scipionem
664 2366 776 2450 proelii
798 2366 901 2450 ipsius
917 2364 1105 2449 participem
1118 2367 1244 2434 'iecerat

123 2477 158 2530 et
183 2473 280 2531 totam
303 2469 520 2532 Romanorum
543 2467 645 2533 aciem
668 2469 699 2531 in
715 2467 848 2534 fluvium
864 2485 976 2534 versus
992 2467 1152 2534 detrusam
1170 2487 1242 2535 esse

123 2577 325 2634 narraverat.
377 2571 488 2651 ltaque
518 2570 626 2653 Scipio
658 2589 728 2635 cum
759 2569 884 2652 collega
910 2569 1029 2635 milites
1052 2571 1180 2636 relictos
1202 2607 1243 2618 -

123 2681 157 2736 et
181 2670 233 2734 hie
263 2678 351 2753 patet
378 2691 441 2735 non
476 2691 603 2736 omnem
634 2672 808 2736 exereitum
838 2670 1011 2750 interiisse,
1038 2675 1073 2736 ut
1099 2691 1138 2736 ex
1160 2673 1241 2758 Hey-

124 2772 257 2837 nachevi
295 2771 401 2836 verbis
437 2772 554 2854 aliquis
591 2773 729 2838 coniciet
767 2809 809 2819 -
845 2773 1011 2850 ,munitum
1049 2773 1081 2837 iu
1115 2775 1242 2839 eollem'

124 2875 187 2957 (vs.
211 2871 286 2954 699)
310 2873 330 2937 i.
354 2894 380 2939 e.
402 2874 434 2938 in
460 2882 565 2938 castra
586 2875 720 2940 reduxit.
765 2873 834 2938 Hoc
849 2881 956 2938 autem
971 2893 1012 2938 ne
1028 2874 1243 2940 confundatur

126 2988 198 3043 cum
232 2984 386 3041 nocturno
423 2975 585 3058 Scipionis
622 2995 719 3058 super
752 2975 903 3040 Trebiam
934 2976 1080 3056 transitu,
1114 2977 1243 3060 qualem

125 3077 238 3142 Livius
262 3077 414 3142 historiae
437 3096 516 3141 suae
531 3076 741 3162 admiscuit,⁴)
764 3078 1052 3162 paucis'moneam
1076 3079 1119 3143 ibi
1133 3081 1242 3164 palam

124 3180 342 3244 Romanorum
364 3189 471 3243 castra
492 3180 523 3242 in
548 3177 643 3244 laeva
664 3178 754 3244 fluvii
772 3180 842 3262 ripa
858 3179 977 3245 fuerint
992 3183 1125 3245 necesse
1140 3177 1243 3264 ease⁶)

124 3377 221 3384 ..κ-..-
259 3375 338 3381 --———

234 3492 260 3556 1,
285 3489 319 3547 cf.
338 3490 405 3545 Hor.
430 3507 512 3545 carm.
538 3489 574 3554 Π,
600 3491 678 3557 6,11
698 3507 736 3560 sq.
763 3489 851 3544 Streb.
870 3489 915 3554 VI,
939 3491 956 3543 3
979 3490 1030 3559 §2
1063 3509 1092 3536 :
1125 3505 1151 3558 p.
1182 3490 1242 3544 279.

124 3581 196 3637 Just¹
217 3577 265 3647 ΙΙΙ,
282 3583 307 3644 4,
329 3580 344 3632 7
363 3595 422 3648 sqq.

234 3668 260 3738 2)
279 3668 311 3722 In
329 3667 394 3724 hist.
421 3667 533 3724 miscell.
555 3667 606 3739 ΙΙΙ,
634 3681 655 3725 c.
681 3668 802 3723 italiam
828 3665 967 3722 Maharbal
997 3664 1242 3740 ‚Lacedaemonios’

125 3759 248 3813 vocatur!

233 3847 260 3915 3)
280 3846 373 3900 Simile
392 3844 457 3912 quid
475 3846 570 3913 poetae
589 3845 781 3900 obversabatur
800 3843 833 3898 ad
852 3843 1048 3912 digressionem
1068 3842 1114 3909 tx,
1137 3844 1172 3898 66
1184 3859 1242 3913 sqq.

125 3936 308 3992 inserendam.
328 3932 364 3990 ci.
383 3933 463 3988 Bless
482 3949 545 3992 anu.
565 3933 694 3990 Fleckeis.
714 3934 786 3990 1874
803 3950 828 4001 p.
846 3931 899 3988 502
917 3932 987 3992 sun..
1007 3935 1104 3987 conus
1120 3931 1243 3987 Occioui.

127 4027 232 4093 ,Nuova
250 4021 399 4091 antelogia‘
418 4038 469 4076 scr.
488 4021 523 4087 ΙΙ,
544 4022 595 4078 vol.
614 4025 639 4080 4.
659 4021 787 4080 iebbraio.
806 4021 884 4078 1877.
903 4039 928 4091 p.
947 4019 1008 4075 279.
1118 4055 1121 4060 >

233 4114 263 4184 4)
282 4129 305 4167 o.
324 4111 359 4166 56
375 4111 393 4180 5
411 4111 428 4166 8
447 4127 503 4181 sqq.

233 4202 261 4271 6)
281 4199 323 4256 vd.
341 4199 555 4254 Weissenbomii
575 4203 668 4254 notam
687 4200 729 4256 ad.
749 4199 767 4254 l.
786 4198 804 4256 l.
