2908 4724
795 334 838 398 94

261 520 340 584 bene
362 519 487 584 Ennius
510 518 717 602 praedicasse
742 517 888 584 Ciceroni
911 516 999 582 visus
1022 520 1081 597 est,
1110 526 1145 581 ut
1179 517 1294 582 tribus
1316 517 1386 582 locis

257 622 317 686 hoc
340 621 459 686 dictum
476 622 644 703 repeteret.
680 619 829 686 Ceterum
846 638 907 684 nec
922 619 1120 702 principatus
1135 626 1261 684 aetate
1277 638 1386 684 nornen

179 761 182 770 -
258 743 363 788 rerum
396 722 497 787 inisse
520 721 635 786 docent
656 721 718 788 loci
741 721 866 787 Tacitei
888 740 960 788 ann.
985 719 1028 802 ΙΙ,
1042 721 1083 786 27
1107 721 1164 800 (ΙΙ,
1182 722 1245 801 30,
1267 721 1325 801 IV,
1340 723 1387 800 31)

257 833 289 889 et
311 825 395 910 XIV,
409 824 491 908 323)
534 823 765 906 Tyrrhenus
789 824 849 904 (vs.
868 823 953 907 167),
969 841 1031 904 quo
1048 824 1182 888 nomIne
1200 823 1388 907 praeditum

258 925 360 990 virum
395 924 557 1008 Vergilius
579 925 661 992 Aen.
684 925 742 1007 XI,
765 926 827 992 612
860 931 936 990 onte
969 943 1081 988 omnes
1111 925 1143 988 in
1168 925 1322 990 Latinos
1349 926 1389 989 in-

258 1036 437 1092 currentem
479 1026 620 1107 induxit,
665 1029 729 1093 iam
766 1047 864 1113 supra
899 1026 943 1112 (p.
982 1027 1038 1108 36)
1079 1026 1178 1092 simul
1233 1047 1311 1092 cum
1349 1027 1388 1089 in-

256 1129 407 1195 ventione
450 1129 595 1195 tnbarum
636 1129 782 1195 Etruscis
814 1129 955 1211 ascripta
997 1136 1149 1193 tractatus
1188 1137 1257 1194 est.
1319 1129 1388 1194 Ideo

255 1231 428 1296 tubicinem
451 1251 523 1295 enm
540 1229 641 1296 fuisse
656 1230 749 1313 fingit
770 1238 876 1314 poeta.
919 1231 1064 1295 Picens
1087 1231 1148 1312 (vs.
1166 1232 1257 1316 175)
1274 1249 1387 1312 cogno·

256 1333 351 1398 minis
374 1333 478 1398 vicem
501 1332 639 1398 sustinet
662 1333 695 1396 in
718 1333 864 1397 oratione
886 1331 999 1416 Lepidi
1022 1351 1040 1396 e
1063 1333 1220 1398 Sallustii
1243 1331 1385 1397 historiis

255 1437 417 1517 excerpto,
444 1434 539 1516 ubi§
564 1435 602 1499 17
625 1434 759 1516 ,Vettius
783 1434 906 1499 Picens’
938 1430 1171 1519 memoratur.²)
1223 1436 1384 1499 Lauros

254 1541 314 1621 (vs.
338 1536 400 1602 175
422 1533 493 1619 sq.),
524 1536 609 1616 quod
636 1537 733 1601 etiam
762 1535 795 1599 in
818 1555 914 1600 versu
936 1535 999 1600 343
1032 1538 1138 1600 exstat
1171 1544 1210 1602 et
1236 1537 1382 1600 Blossius

255 1637 298 1701 ibi
331 1637 476 1702 codicum
510 1635 561 1719 L⁸,
588 1638 626 1719 F,
656 1637 695 1717 0,
723 1638 751 1702 V
781 1634 971 1720 consensu³)
1004 1637 1086 1701 tradi
1119 1639 1304 1704 certiorem
1338 1656 1381 1701 rue

255 1739 348 1816 fecit,
385 1746 420 1803 ut
455 1739 486 1802 in
525 1738 615 1804 libris
652 1739 729 1804 aliti
765 1758 933 1805 occurrere
969 1757 1033 1802 non
1071 1723 1222 1820 videtur,
1272 1741 1322 1805 ita
1354 1739 1379 1800 in

255 1840 517 1924 inscriptionibus
540 1841 691 1923 frequens
714 1849 764 1906 est
786 1841 874 1906 volut
896 1840 940 1912 ,u
965 1839 1122 1905 Servilius
1137 1841 1288 1906 Leurns'
1314 1840 1376 1906 ut.

253 1943 289 2007 L.
315 1943 355 2023 11,
378 1943 450 2020 359,
473 1944 518 2022 ,Ρ.
541 1942 664 2008 Novius
692 1943 826 2008 Laurus’
857 1943 897 2006 ib.
927 1941 987 2014 ΙΙΙ,
1012 1942 1105 2018 2552,
1142 1943 1174 2006 in
1202 1945 1376 2028 diplomate

254 2045 345 2110 milit.
375 2046 443 2110 Titi
478 2047 523 2125 ‚R
550 2044 689 2110 Manlius
716 2045 849 2110 Laurus'
887 2045 928 2110 ib.
960 2047 1017 2128 ΙΙΙ,
1052 2066 1080 2129 p.
1117 2048 1190 2125 854,
1234 2048 1296 2112 lin.
1331 2043 1373 2118 39,
1433 2119 1434 2124 γ

253 2149 299 2232 ‚c
322 2147 500 2213 Minervius
528 2148 664 2212 Laurus'
697 2145 738 2211 io.
767 2147 804 2224 V,
834 2147 927 2214 6073.
972 2150 1115 2228 ,Laurus’
1139 2149 1180 2214 ib.
1214 2150 1256 2229 V,
1291 2146 1374 2222 7903,
1433 2125 1435 2230 V

253 2250 404 2329 ‚Titinius
427 2248 561 2314 Laurus'
584 2249 616 2311 in
640 2248 832 2331 incriptione
847 2251 1002 2332 temporis
1020 2251 1058 2314 M.
1076 2251 1199 2316 Aurelii
1216 2245 1370 2316 Antonini
1430 2243 1434 2310 ἑ

253 2353 329 2433 imp.
355 2351 473 2415 Renier·
500 2349 595 2414 inser.
622 2350 662 2414 de
684 2349 836 2432 l'Algerie
864 2352 944 2432 903,
972 2353 1027 2419 lin.
1050 2355 1102 2435 21,
1131 2353 1177 2436 ,5.
1203 2348 1369 2418 Cornelius

253 2454 386 2517 Laurus’
410 2452 443 2515 in
477 2451 687 2534 inscriptione
713 2451 891 2538 *Sardiniae
930 2463 1058 2538 reperta
1094 2474 1146 2538 op.
1180 2455 1369 2520 Wilmunus.

253 2555 387 2637 exempl.
411 2554 506 2618 inser.
528 2553 600 2620 Lat.
622 2554 715 2618 2191.
760 2555 934 2620 Venulus
957 2558 1017 2637 (vs.
1043 2558 1116 2634 181)
1148 2577 1168 2620 a
1190 2557 1310 2621 Turno
1338 2548 1370 2614 nd
1434 2585 1435 2588 π

253 2655 445 2721 Diomedem
469 2654 581 2720 auxilii
605 2674 705 2720 cause
734 2655 850 2720 missus
878 2668 956 2734 erat,
987 2666 1021 2721 nt
1051 2664 1186 2724 testetur
1209 2655 1367 2740 Vergilius

253 2761 334 2830 Aen,
359 2759 447 2837 VlIl‚
471 2759 500 2840 9,
522 2757 577 2838 XI,
600 2757 662 2822 242
689 2765 721 2821 et
751 2777 787 2822 ex
815 2777 853 2822 eo
883 2759 1004 2841 recepit
1027 2759 1161 2826 Ovidius
1185 2762 1264 2826 Met.
1291 2753 1368 2830 xil,
1434 2769 1435 2784 ¹

251 2862 324 2941 457,
345 2861 418 2940 460,
440 2858 543 2942 5124)
586 2861 624 2924 In
647 2859 828 2940 nominibus
851 2860 1045 2942 Vergilianis
1075 2870 1182 2926 autem
1211 2884 1284 2928 rem
1313 2875 1366 2922 nou
1432 2873 1434 2950 t

252 2963 334 3026 adeo
358 2981 428 3026 oum
451 2961 632 3044 pulvisculo
649 2961 894 3026 exhauriendum
911 2981 994 3039 esse,
1016 2963 1066 3027 cui
1082 2964 1166 3046 perti
1181 2966 1366 3030 tribuantur,
1432 2951 1435 3019 J

212 3125 214 3128 .
252 3064 317 3127 iam
333 3081 430 3144 supro
446 3064 490 3144 (p.
498 3062 552 3145 86)
564 3062 682 3127 notavi.
702 3062 899 3126 Farfarus
917 3067 978 3147 (vs.
994 3065 1079 3148 182),
1090 3073 1125 3130 ut
1135 3074 1221 3132 recte
1240 3065 1366 3130 adnotat
1432 3055 1433 3074 ¹

252 3165 432 3248 Rupertius,
466 3162 582 3228 fluvius
614 3162 802 3228 Sabinorum
838 3172 896 3241 est,
932 3165 1034 3232 dictus
1064 3167 1216 3236 ,Fabaris’
1246 3189 1268 3232 o,
1297 3164 1366 3229 Ver·

251 3267 328 3354 gilio
353 3265 420 3344 VII,
445 3263 545 3349 715⁶)
578 3264 636 3329 sed
665 3265 729 3328 iam
760 3265 800 3330 ab
824 3266 939 3332 ovidio
961 3268 1038 3334 Met.
1060 3268 1144 3350 XIV,
1168 3271 1233 3336 330
1255 3267 1363 3334 eodem
1434 3321 1435 3370 ,

253 3379 347 3453 atquc
381 3388 401 3430 a
428 3365 509 3431 Silio
541 3364 645 3431 forme
678 3365 791 3431 elutus.
834 3369 873 3432 ·In
903 3368 1012 3432 Tulli
1045 3382 1105 3445 (vs.
1132 3371 1206 3456 183)
1238 3367 1363 3436 nomine
1432 3443 1433 3452 ἵ

263 3507 464 3519 Μ
590 3521 592 3528 ‚
1432 3463 1435 3540 t

361 3575 385 3645 1)
404 3575 436 3630 In
460 3575 552 3630 titulis
573 3575 645 3630 idem
671 3591 818 3643 cognomen
841 3577 982 3632 invenitur
1004 3595 1046 3647 ep.
1066 3576 1167 3634 Re'nier
1189 3580 1272 3639 inser.
1290 3579 1359 3632 Rom.
1432 3557 1434 3577 '

251 3665 285 3720 de
303 3663 433 3734 l'Algdrie
450 3680 491 3721 nr.
510 3663 545 3718 90
563 3663 594 3720 B.
613 3663 661 3716 liu.
681 3665 715 3719 22
735 3668 764 3717 et
781 3681 821 3723 nr.
841 3666 926 3731 2477;
945 3666 976 3724 O.
995 3664 1016 3719 Ι.
1036 3667 1067 3721 L.
1086 3668 1116 3733 V,
1136 3668 1214 3724 7181.

361 3752 387 3822 2)
407 3751 442 3810 cf.
461 3753 496 3808 M.
516 3752 692 3822 Her(cnnios)
710 3753 830 3824 Picen(s)
851 3753 881 3809 0.
898 3753 920 3808 Ι.
938 3753 968 3809 L.
982 3754 1014 3821 V,
1033 3755 1111 3822 8112,
1129 3757 1195 3812 441.
1214 3756 1279 3826 (cos.
1298 3771 1319 3808 o,
1338 3765 1359 3801 110

252 3855 273 3895 c.
295 3841 356 3910 754)
376 3839 405 3895 C.
424 3841 578 3895 Ancharius
597 3839 627 3897 O.
646 3841 665 3896 f.
683 3841 780 3896 Picens
798 3843 835 3897 ib.
855 3842 934 3897 2559.
1431 3848 1433 3870 ³

357 3929 385 3996 3)
403 3929 508 3982 Horum
527 3945 673 3984 consensus
693 3931 852 4000 scripturam
867 3931 1052 4000 sangallensis
1072 3934 1164 3990 amissi
1181 3924 1359 4004 repraesentat
1432 3933 1434 3952 ³

251 4015 285 4074 cf.
304 4017 389 4070 Bloss.
409 4016 439 4068 in
458 4017 586 4085 supplem.
607 4034 670 4072 unu.
691 4016 820 4076 Flsoleis.
840 4018 912 4082 VIII,
932 4035 957 4088 p.
977 4021 1037 4076 239.

355 4104 386 4172 4)
404 4101 437 4157 In
456 4103 629 4173 inscriptione
648 4123 690 4175 ep.
709 4103 811 4161 Renicr
828 4123 868 4162 ur.
888 4108 965 4166 2036.

356 4191 384 4262 5)
402 4191 445 4248 vd.
464 4190 583 4246 Serrium
603 4193 637 4247 ud
655 4195 673 4249 1.
692 4194 710 4252 1.
