2908 4724
791 331 851 395 116

263 513 302 588 si,
326 513 401 595 quid
418 513 596 580 Flaminius
621 515 713 597 signa
736 513 828 598 qnasi
850 513 1011 580 radicibus
1034 513 1137 578 infixa
1155 533 1175 576 e
1193 520 1286 576 terra
1301 509 1383 574 evelli

264 634 326 678 non
352 634 445 697 posse
467 617 687 683 nuntiantibus
721 615 932 700 responderit,
965 635 1029 680 non
1068 613 1219 698 refert,¹)
1255 613 1288 676 id
1321 609 1384 675 inde

263 726 374 781 natum
409 725 467 798 est,
501 719 584 801 quod
619 727 718 783 totam
755 717 971 783 narrationem
1005 717 1099 780 aliter
1123 737 1167 781 ac
1192 715 1312 780 Livius
1334 713 1386 776 dis-

264 819 376 900 posuit.
423 820 452 884 Is
477 820 561 884 enim
585 830 754 904 postquam
777 838 889 884 omnes
910 819 1071 882 Flaminio
1094 837 1250 902 pugnam
1275 817 1386 880 dissue·

263 919 378 984 dentes
403 921 489 999 fecit,
514 941 584 985 cum
609 923 702 1006 signo
724 922 766 985 ad
789 933 895 986 castra
917 923 1075 985 movenda
1104 921 1190 985 dato
1223 938 1280 984 res
1309 920 1338 980 in
1358 936 1388 980 eo

262 1021 316 1099 sit,
341 1032 374 1086 ut
395 1023 530 1088 Romani
546 1025 671 1089 Arretio
695 1023 946 1106 proficiscantur,
969 1033 1035 1086 tum
1053 1021 1288 1107 prodigiorum
1312 1037 1388 1081 men-

264 1125 382 1190 tionem
417 1125 505 1191 inicit
538 1125 654 1212 (XXII,
683 1127 752 1191 c.3
783 1125 844 1206 §8
872 1128 964 1208 sqq).
1010 1125 1109 1190 Silius
1144 1143 1233 1189 vero
1269 1139 1388 1204 agmen,

262 1227 422 1291 cumiani
454 1229 486 1291 in
517 1230 684 1310 angustias
714 1227 873 1305 intrasset,
903 1227 1087 1292 constitisse
1110 1227 1322 1306 deorumque
1344 1241 1389 1284 au·

265 1328 367 1410 spicia
403 1337 479 1394 ante
529 1329 642 1393 initam
676 1347 817 1412 pugnam
858 1327 964 1409 egisse
999 1327 1117 1412 fingit²l
1170 1336 1208 1393 et
1248 1325 1389 1390 omnibus

262 1429 402 1508 demum,
425 1451 506 1514 quae
530 1431 656 1511 selegit,
680 1429 831 1494 monstris
854 1429 1007 1512 deinceps
1031 1430 1240 1494 enumeratis
1273 1443 1388 1510 preces,

264 1531 514 1610 adhortationes,
538 1532 675 1596 consilia
697 1533 857 1596 Flaminio
880 1531 955 1594 data
978 1531 1127 1614 applicat.
1176 1534 1302 1614 Itaque
1327 1546 1387 1611 pro·

262 1634 422 1714 digiorum
446 1633 542 1698 seriei
564 1633 704 1698 consulis
732 1653 921 1717 responsum
954 1634 1136 1698 immiscere
1171 1655 1245 1699 non
1282 1628 1386 1715 potuit,

263 1736 326 1799 nisi
348 1739 448 1800 toturn
472 1745 615 1800 tenorem
639 1739 871 1819 interrumpere
894 1734 1002 1799 voluit.

372 1837 489 1902 Eorum
513 1839 565 1922 qui
588 1839 673 1922 apud
696 1838 822 1902 Livium
850 1837 952 1919 signis
981 1838 1145 1902 numinum
1179 1835 1294 1902 territi
1319 1852 1383 1897 con·

263 1938 366 2002 sulem
401 1951 541 2016 monent,
575 1961 616 2004 ne
650 1943 681 2005 in
705 1937 877 2005 'certamen
911 1948 1032 2004 temere
1060 1939 1270 2004 descendere
1304 1935 1382 2009 velit,

264 2050 373 2122 partes
389 2042 473 2125 apud
491 2043 606 2107 Silium
622 2043 826 2110 Corvinus
843 2042 973 2126 quidam
990 2040 1124 2125 suscipit
1154 2048 1221 2118 (vs.
1242 2041 1286 2106 77
1302 2039 1380 2120 sqq).

263 2143 357 2221 Quod
382 2165 453 2208 curn
478 2147 520 2211 sit
535 2166 711 2229 cognomen
735 2145 842 2228 gentle
860 2144 1016 2220 Valeriae,
1033 2144 1252 2228 Heynacbero
1270 2143 1380 2226 (progr.

263 2265 292 2329 p.
315 2246 366 2315 26.
382 2247 418 2328 6)
440 2247 529 2312 venit
552 2249 690 2332 suspicio
704 2249 818 2314 Silium
837 2248 919 2312 forte
936 2264 1027 2308 usum
1048 2265 1119 2310 esse
1140 2244 1299 2311 Valerii
1319 2245 1378 2308 An·

263 2347 378 2411 tiatis
401 2350 581 2429 annalibus,
603 2370 694 2433 quem
721 2350 867 2414 homines
895 2367 973 2413 suae
993 2348 1099 2430 gentis
1122 2348 1154 2411 in
1178 2348 1314 2413 caelum
1338 2361 1376 2407 er·

263 2449 377 2512 tulisse
394 2459 529 2516 constat.
559 2453 609 2518 Ad
627 2451 820 2515 fulciendam
840 2450 925 2514 banc
941 2449 1131 2514 sententiam
1150 2449 1377 2535 Heynacherus

262 2550 363 2613 affert
385 2550 499 2616 Silium
522 2555 563 2624 II.
587 2554 607 2619 8
630 2573 695 2636 sqq.
724 2553 922 2636 Poplicolam
950 2551 1291 2616 honorificentissimis
1320 2545 1378 2629 epi·

263 2653 361 2717 thetis
384 2674 511 2734 ornare,
532 2655 620 2735 XIII,
636 2657 699 2722 244
715 2655 865 2721 Volesum
888 2656 1057 2736 quendam,
1080 2657 1134 2738 qni
1157 2654 1376 2734 antecapere

263 2765 373 2840 portas
405 2756 489 2821 hosti
524 2757 660 2843 fugienti
695 2766 789 2842 caput
822 2766 976 2842 amputat,
1012 2759 1190 2829 celebrare,
1225 2757 1270 2821 de
1305 2753 1377 2816 duct

262 2857 417 2939 praesidii
446 2858 634 2943 Carthagini
665 2859 776 2924 Novae
804 2859 946 2942 impositi
975 2859 1041 2935 XV,
1065 2861 1127 2926 232
1160 2859 1272 2924 dicere
1300 2851 1375 2934 ,Aris

263 2957 376 3022 ductor
403 2961 492 3036 crat’,
531 2981 601 3028 curn
631 2963 742 3026 Livius
772 2960 886 3036 XXVI,
908 2963 950 3027 49
971 2963 1031 3046 §5
1060 2970 1194 3026 testetur
1237 2958 1377 3042 ,Ariuem

263 3059 444 3141 praefuisse
480 3063 600 3128 Punico
632 3063 793 3146 praesidio
829 3063 1034 3146 deditumque
1070 3064 1225 3130 Ronmnis
1265 3057 1373 3128 Antias

263 3163 423 3239 Valerius,
447 3163 615 3245 Magonem
639 3164 694 3228 alii
720 3165 893 3248 scriptores
916 3163 1093 3246 tradunt’.³)
1139 3165 1288 3248 Denique
1313 3163 1374 3224 Au·

262 3268 384 3341 tiatem,
419 3285 510 3348 quem
543 3264 635 3329 Fabii
666 3266 801 3332 Pictoris
830 3268 980 3332 historias
1009 3276 1151 3334 secutum
1182 3286 1256 3332 esse
1296 3259 1373 3329 unde

264 3370 403 3435 hauserit
426 3366 572 3451 nescio,⁴)
589 3368 628 3432 ob
644 3367 886 3452 amplitudinem
902 3369 1019 3452 operis,
1042 3369 1081 3433 ob
1097 3368 1222 3433 fabulas
1239 3379 1273 3434 et
1287 3373 1374 3431 notas

370 3571 396 3641 1)
410 3569 443 3624 cl.
458 3573 549 3623 tamen
563 3567 681 3637 ,Ocius
696 3570 800 3624 Interea
812 3569 924 3638 propelli
937 3569 1039 3635 signa
1051 3569 1204 3623 iubebat'
1224 3569 1284 3639 (Sil.
1293 3567 1322 3632 V,
1332 3559 1371 3628 5³)

262 3670 291 3714 et
310 3676 379 3730 ,cum
398 3659 494 3712 ocius
515 3659 615 3727 signa
634 3657 750 3711 convelli
767 3657 917 3712 iuberet'
936 3657 1006 3726 (Lis.
1026 3655 1111 3724 XXII,
1130 3658 1155 3723 3,
1174 3657 1263 3726 511).

369 3750 396 3816 2)
418 3748 553 3802 Potuisset
576 3748 627 3801 hoc
650 3747 853 3816 Heynacherns,
876 3747 900 3800 ei
924 3746 1003 3816 paulo
1027 3747 1159 3800 curiosior
1180 3747 1284 3814 fuisset,
1308 3755 1369 3798 cum·

263 3849 357 3904 parcre
387 3851 448 3889 cum
469 3837 536 3907 App.
555 3835 645 3890 Hann.
665 3837 700 3890 10
726 3831 741 3888 ὁ
762 3833 927 3904 Φλαμίνιος,
948 3877 954 3889 .
973 3830 1027 3904 ἅμα
1046 3841 1081 3902 ἕῳ
1100 3833 1209 3906 σμικρὸν
1225 3841 1275 3904 μέν
1292 3855 1316 3888 τι
1333 3826 1367 3880 dt·

263 3929 362 3994 ἐτριψε,
381 3921 431 3976 τὸν
448 3922 565 3995 στρατὸν
582 3915 729 3978 ἀναπαύων
746 3922 775 3984 ἐξ
791 3917 940 3996 ὁδοιπορίας
957 3931 999 3976 καὶ
1014 3920 1279 3993 χαρακοποιούμενυς,

369 4011 396 4080 3)
415 4011 447 4067 ef.
467 4012 547 4066 ctiam
566 4013 704 4067 Kortuem.
724 4011 815 4081 gsscb.
835 4012 944 4070 Forech.
964 4031 990 4082 p.
1007 4013 1068 4068 231.

368 4101 397 4168 4)
418 4097 530 4155 Videtur
553 4099 684 4155 iudicium
708 4115 786 4156 suum
810 4117 841 4155 ex
865 4117 896 4154 ea
920 4103 979 4155 ecla
1007 4119 1036 4156 re
1061 4101 1221 4170 sumpsisse,
1250 4099 1319 4170 quod
1344 4093 1366 4144 tl

261 4188 375 4244 Fabium
401 4193 429 4243 ct
454 4187 587 4243 Valerium
618 4190 773 4258 Scipionum
802 4189 904 4258 gloriae
930 4190 1096 4245 obtrectasse
1127 4190 1241 4257 legerat
1285 4180 1366 4252 Quoue
