2946 4722
324 902 483 1020 Sanno
511 901 555 1019 ct
583 899 872 1046 tonigmsino
899 901 1113 1047 Princeps!

611 1153 823 1166 ανᾺΛΜΜΝνἏΛΝνν

267 1316 414 1380 Primum
445 1315 561 1378 Tuan
593 1313 864 1378 OELSITUDINI
888 1335 907 1378 a
929 1335 980 1378 me
1003 1316 1104 1399 gratia
1127 1314 1274 1378 habenda
1368 1328 1370 1332 ·

162 1445 260 1508 quam
276 1423 428 1504 maxima,
452 1419 536 1504 quod
554 1421 707 1484 benevole
723 1423 906 1504 permisisti,
931 1427 965 1484 ut
982 1421 1068 1484 TIBI
1089 1422 1149 1485 hoc
1166 1405 1274 1504 quale·

162 1551 289 1614 cunque
320 1529 514 1612 opusculum
544 1548 652 1592 mcum
684 1547 913 1592 consecrarem.
966 1528 1067 1591 Video
1101 1549 1140 1592 ex
1172 1548 1209 1591 ea
1239 1547 1274 1591 re

161 1638 213 1700 ΤΕ
245 1637 321 1700 inde
352 1635 391 1700 ab
421 1654 457 1698 eo
490 1640 639 1718 tempore,
675 1655 738 1717 quo
770 1656 836 1698 una
866 1635 1044 1718 Hartwigio
1077 1635 1208 1698 docento
1240 1636 1274 1697 in

161 1744 267 1825 Lyceo
292 1743 473 1807 Caesellano
502 1742 551 1804 his
576 1742 690 1805 studiis
714 1761 841 1825 operam
865 1743 1091 1826 impendimus,
1124 1743 1275 1805 scientiae

162 1853 331 1914 historicae
363 1868 503 1912 amorem
535 1868 715 1931 numquam
748 1868 789 1912 ex
821 1850 927 1912 animo
960 1851 1127 1914 dimisisse.
1176 1848 1275 1912 Cuius

154 1957 303 2042 ‘profecto
334 1958 368 2020 in
399 1955 546 2040 regendis
581 1956 748 2018 hominurn
785 1955 924 2018 sortibus
956 1958 1165 2039 gentiumque
1192 1956 1276 2037 fatie,

167 2062 286 2146 quibus
320 2061 375 2125 ΤΕ
408 2063 518 2125 divina
552 2062 752 2145 providentia
788 2062 968 2139 destinavit,
1004 2083 1101 2144 quam
1135 2063 1275 2125 maxime

165 2173 304 2234 interest.
350 2169 390 2233 nt
412 2169 580 2254 paululum
613 2170 743 2253 quidem
772 2189 851 2246 esse,
884 2169 970 2252 quod
994 2188 1052 2252 ego
1075 2169 1134 2231 hao
1158 2169 1275 2232 disser-

164 2277 343 2340 tatiuncula
365 2278 542 2341 litterarum
566 2278 794 2341 historicarum
818 2276 991 2359 cognitioni
1007 2275 1121 2359 profui,
1144 2294 1194 2338 me
1211 2294 1274 2336 non

164 2384 255 2466 fugit,
277 2386 465 2468 praesertim
488 2404 559 2447 oum
585 2386 619 2447 in
643 2389 736 2467 poeta
768 2384 904 2447 obscuro
936 2383 1185 2466 saepissimeque
1208 2382 1276 2444 lan·

164 2490 262 2574 guido
285 2495 432 2555 versatus
456 2493 525 2555 sim.
573 2492 724 2554 Attamen
740 2491 848 2554 necin
865 2489 925 2553 hac
948 2491 1081 2553 materia
1097 2490 1277 2553 aridissima

152 2599 257 2691 ¹quasi
281 2599 437 2680 quaedam
461 2600 586 2662 lumina
610 2599 725 2662 desunt
748 2605 779 2660 at
803 2598 1006 2680 quaestiones
1034 2601 1180 2679 respectu
1204 2615 1276 2658 eru-

145 2697 304 2767 'dirorum
338 2705 425 2769 haud
459 2706 619 2789 indignae.
665 2704 829 2787 Laetabor,
864 2707 891 2768 si
913 2704 968 2768 TU
998 2723 1128 2787 quoquc
1160 2703 1195 2765 in
1218 2702 1276 2765 hac

164 2831 234 2874 mea
257 2813 584 2876 commentatiuncula
616 2812 773 2874 nonnulla
804 2812 872 2875 reri
902 2831 1002 2896 grana
1029 2809 1081 2872 ΤΕ
1114 2810 1276 2873 invenisse

165 2917 321 2984 fateberis.
367 2917 455 2982 Vale.
