2936 4718
780 318 821 383 36

243 504 282 568 ob
304 505 406 566 totum
427 523 520 568 suum
544 503 687 568 habitum
710 501 870 581 historico,
892 502 944 586 qui
961 501 1041 568 Silio
1061 520 1193 584 operam
1209 501 1275 579 dat,
1300 501 1378 566 iam

243 604 283 668 ab
306 603 397 668 initi0
423 604 639 670 removendae
662 612 743 669 sunt.
787 603 894 668 Prima
915 622 1026 668 earum
1041 605 1119 689 (uss.
1137 604 1265 686 7-23t,
1288 623 1378 685 quo·

244 705 338 769 modo
361 705 604 771 Trasumennus
627 728 648 770 a
668 708 811 789 nympha
833 705 986 770 amatrice
1009 714 1120 788 raptus
1143 725 1241 770 causa
1258 703 1379 770 tactus

244 807 293 887 sit,
319 825 374 871 cur
396 807 480 872 lacui
503 807 652 872 Etruriae
674 807 888 872 Trasumenni
912 826 1028 872 nomeu
1051 808 1223 886 inderetur,
1246 814 1382 872 tracta·

243 915 302 972 tur.
347 909 439 974 Hauc
460 929 533 974 esse
565 910 739 974 fabulam
768 927 862 973 nemo
885 927 948 973 non
974 908 1141 991 intellegit.
1193 908 1384 988 Quaeritur
1457 899 1461 1016 l

245 1008 305 1074 boc
322 1019 461 1089 tautum,
485 1021 590 1076 utrum
604 1010 678 1077 Silii
699 1011 896 1094 temporibus
911 1013 989 1076 nota
1004 1031 1043 1074 ac
1054 1010 1244 1092 pervulgata
1257 1009 1381 1093 fuerit,

247 1131 287 1176 un
311 1112 490 1177 inventioni
512 1121 628 1195 poetae
651 1113 814 1194 debeatur,
841 1119 944 1178 utrum
965 1131 1133 1195 personae,
1163 1113 1302 1194 quaein
1334 1133 1384 1178 ea
1459 1139 1461 1172 r

244 1223 380 1296 agentes
413 1212 608 1278 inducuntur
639 1213 703 1278 iam
740 1216 780 1279 ab
814 1214 887 1278 aliis
922 1213 1062 1279 traditae
1089 1212 1218 1294 fuerint,
1249 1235 1304 1293 an,
1341 1224 1383 1280 ut
1459 1209 1460 1216 '

244 1315 372 1381 Lehrsii
406 1317 512 1380 verbis
535 1315 644 1402 utar,¹)
668 1315 748 1395 ,den
783 1315 1052 1398 zugesohaffeneu
1082 1315 1210 1380 idealeu
1234 1317 1383 1382 Schutz·

246 1417 426 1500 gottheiten
450 1417 516 1480 und
539 1417 726 1501 Eponymeu
750 1436 812 1482 von
834 1416 995 1494 Ir'andern,
1030 1417 1177 1497 Stadteu,
1212 1417 1382 1500 Zttnl'ten,

247 1519 299 1583 die
322 1518 354 1583 in
378 1518 430 1582 die
452 1519 517 1584 alte
533 1518 708 1601 mythiscbe
720 1519 791 1583 Zeit
806 1518 1057 1583 hincinversetzt
1071 1519 1137 1584 und
1153 1519 1384 1602 eingeordnet

248 1621 388 1685 wurdeu'
416 1620 634 1686 accentendae
664 1622 738 1686 sint.
782 1621 826 1684 Et
858 1632 891 1684 ut
919 1641 977 1706 pro
999 1622 1055 1686 illo
1078 1621 1133 1694 nil,
1157 1623 1204 1686 sio
1225 1640 1284 1704 pro
1309 1623 1383 1688 boc
1460 1695 1461 1712 ,

248 1724 357 1786 omnia
390 1722 521 1786 faciunt.
567 1721 652 1787 Olim
679 1723 775 1800 enim,
798 1722 898 1789 Silius
921 1731 1041 1802 narrat,
1070 1732 1195 1808 partem
1217 1723 1383 1789 Etruriae

244 1823 368 1890 rexIsse
390 1823 539 1911 Arnum²)
561 1823 662 1890 filium
684 1825 788 1890 Fanni
811 1828 890 1908 (vss.
917 1825 936 1890 7
960 1832 992 1890 et
1016 1826 1049 1909 8)
1080 1862 1122 1872 -
1158 1824 1210 1889 bie
1231 1824 1334 1892 heros
1361 1845 1387 1892 a

247 1927 377 1992 nomine
406 1925 574 1992 fluminum
596 1928 774 1992 Tuscorum
801 1927 940 2007 maximi,
968 1928 1021 2010 qui
1053 1938 1087 1992 ut
1109 1935 1225 2011 poetae
1247 1928 1382 2008 eogita-

249 2028 388 2093 tionibns
411 2029 576 2110 incideret,
601 2039 686 2096 certe
702 2031 830 2114 scriptis
846 2029 987 2094 tontibus
1003 2049 1066 2093 uon
1082 2048 1161 2112 opus
1175 2031 1253 2110 erat,
1268 2027 1381 2096 facile

249 2132 463 2197 derivabatur.
508 2133 556 2198 Eo
572 2140 727 2213 regnante
749 2131 996 2214 Tyrrhenum
1019 2150 1095 2195 orae
1118 2131 1290 2214 appulisse,
1317 2134 1380 2214 qui
1460 2191 1461 2198 ,

249 2253 418 2300 exerrare
442 2233 517 2298 inde
539 2235 578 2298 ab
602 2231 783 2315 Herodoti³t
813 2240 955 2316 tempore
978 2231 1183 2311 inveterato4t
1205 2230 1380 2318 Lydorum
1460 2249 1461 2252 ’

248 2336 408 2399 coloniam
442 2335 475 2399 in
508 2334 635 2399 Italiam
668 2333 839 2398 deduxisse
873 2334 1013 2400 creditus
1036 2335 1066 2400 b.
1090 2336 1120 2407 l..
1153 2354 1226 2399 cum
1249 2336 1375 2416 populo

249 2437 434 2520 cognomini
455 2457 495 2501 ea
517 2436 661 2501 inventio
684 2435 780 2517 vulgo
802 2435 1066 2520 attribueretur&
1089 2436 1186 2501 etiam
1207 2436 1302 2502 tubae
1320 2457 1373 2501 re-

248 2548 358 2622 pertor
390 2537 492 2604 luisse
525 2538 670 2602 traditur.
714 2537 829 2604 Filium
859 2539 928 2602 eius
950 2539 1261 2604 Trasumennum
1294 2539 1372 2621 pul·

250 2642 360 2706 chrum
395 2639 495 2706 fuisse
527 2677 565 2686 -
601 2639 684 2722 quod
717 2640 866 2704 nimirum
896 2659 1012 2706 nomeu
1039 2642 1109 2724 lpse
1131 2642 1221 2706 lacus
1243 2661 1263 2705 a
1285 2639 1371 2706 Silio

249 2744 428 2827 descriptus
451 2742 614 2826 suggessit
636 2781 674 2790 —-
699 2760 834 2824 eumque
857 2743 889 2807 in
913 2741 1016 2807 undas
1038 2742 1215 2807 detractum
1238 2762 1311 2806 esse
1327 2744 1370 2808 ab

249 2847 366 2931 Agylle
389 2847 531 2931 nympha
552 2883 594 2892 —-
616 2865 711 2928 quarn
734 2864 906 2928 personam
928 2865 948 2908 a
969 2852 1079 2908 vetere
1095 2843 1257 2908 Caeritum
1279 2843 1371 2911 urbis

251 2947 496 3033 appellationel)
529 2948 713 3030 desumpsit
758 2947 868 3029 ltaque
902 2946 981 3010 baec
1014 2945 1123 3010 omnia
1156 2945 1261 3009 lusum
1293 2964 1371 3010 csse

250 3051 422 3134 poeticum,
455 3069 549 3135 quem
573 3049 669 3116 Silius
692 3069 712 3113 a
734 3047 893 3131 Tyrrheni
914 3066 1054 3132 persona
1077 3047 1271 3131 mythologie
1292 3046 1372 3112 trita

251 3153 342 3234 quasi
366 3150 575 3215 fundamento
598 3170 740 3227 exorsus,
764 3157 798 3214 ut
820 3151 950 3234 ingenio
972 3169 1030 3213 sno
1045 3148 1228 3230 indulgeret
1242 3148 1370 3212 lectori-

252 3255 370 3336 busque
393 3252 660 3317 oblectamentum
684 3253 861 3334 praeberet,
893 3251 1073 3329 inseruerit,
1103 3249 1370 3329 existimabimus,
1461 3336 1462 3343 ,

250 3404 463 3414 ...—---—

358 3474 373 3529 1
402 3470 521 3541 popular.
540 3469 631 3524 Aufer
648 3487 674 3539 p.
693 3470 754 3526 324.

404 3559 440 3614 cf.
459 3560 547 3618 Blass.
567 3575 628 3617 ann.
648 3558 780 3613 I’leclreis.
800 3559 888 3628 suppl.
907 3557 981 3621 VIII,
1000 3575 1024 3627 p⁴
1044 3558 1105 3614 203.

357 3648 384 3719 3)
403 3649 425 3714 1,
444 3649 486 3704 94.
1181 3707 1187 3716 ,

357 3737 385 3807 4)
404 3736 437 3793 cf.
466 3754 489 3790 a.
508 3753 535 3804 g.
554 3737 681 3791 TImaeus
708 3751 751 3806 ep.
770 3735 883 3790 Tertull.
909 3735 941 3790 de
965 3737 1049 3805 spect.
1074 3751 1096 3790 e.
1115 3734 1140 3788 5.
1178 3731 1266 3788 Strab.
1293 3731 1322 3796 V,
1341 3733 1366 3786 2.

252 3826 268 3896 ἓ
287 3827 303 3880 2
325 3845 354 3872 =
375 3841 401 3894 p.
421 3825 481 3882 219.
502 3823 576 3894 Cas.;
601 3823 712 3893 Dionys.
731 3823 834 3891 Hal.1‚
854 3825 897 3880 27.
933 3823 1031 3894 Vellej.
1049 3822 1071 3890 l,
1090 3824 1114 3890 1,
1125 3823 1152 3878 4.
1183 3819 1249 3876 lust.
1268 3820 1326 3888 XX,
1342 3822 1366 3885 1,

253 3911 271 3988 ᾗ
291 3915 314 3968 7.
352 3913 425 3981 (Tac.
445 3931 507 3971 auu.
526 3914 573 3978 IV,
592 3913 638 3984 55)
656 3916 686 3966 et
703 3912 745 3968 vd.
763 3913 920 3968 Mommsen.
939 3911 1006 3969 blut.
1023 3911 1101 3966 Rom.
1119 3909 1152 3973 1⁶,
1172 3911 1224 3966 120
1243 3926 1283 3979 sq.

358 4001 386 4073 5)
404 4001 446 4056 vd.
467 4007 689 4058 commentatores
707 4000 742 4054 ad
761 4000 810 4058 Sil,
828 3999 864 4068 II,
883 4001 917 4057 19
935 4004 964 4054 ot
980 4000 1012 4064 V,
1032 4001 1074 4054 12.

358 4090 388 4160 6)
408 4089 496 4148 Strab.
520 4090 550 4150 V.
571 4093 596 4157 2',
620 4088 637 4162 ξ
656 4091 673 4145 3
695 4110 724 4138 =
745 4106 771 4159 p.
790 4090 843 4146 220
873 4089 933 4144 llas.
952 4085 1062 4160 Ἅγγυλα
1085 4086 1135 4160 γὰρ
1158 4078 1310 4156 ὠνομάζετο
1335 4083 1363 4139 τί

252 4176 384 4250 πρότερον
401 4174 417 4247 ἡ
436 4179 486 4234 νῦν
504 4184 611 4250 Καιρέα.
650 4177 685 4233 cf.
705 4182 734 4232 et
752 4179 800 4233 alii
819 4183 849 4236 et
867 4179 1027 4237 Mommsen.
1040 4176 1104 4234 hist.
1117 4177 1193 4234 Rom.
1212 4175 1247 4244 1⁶,
1266 4192 1292 4245 p.
1306 4175 1364 4231 12ἿΙ
