2908 4724
737 321 797 385 106

204 503 330 567 Livium
358 503 396 586 (e.
419 505 472 582 56,
495 507 514 584 ξ
536 501 571 586 4)
595 503 625 566 in
649 512 774 586 partem
797 512 919 568 tantum
937 502 1095 567 exereitus
1110 503 1215 568 eadat.
1252 500 1329 588 His,
1443 565 1444 588 ,

205 623 288 686 qnae
319 605 352 668 in
380 605 459 671 diss.
482 625 512 688 p.
539 606 580 670 27
609 615 793 686 monentur,
829 604 1056 689 opponendum
1083 612 1133 669 est
1154 603 1331 688 prudentia
1443 599 1444 686 l

208 707 437 790 imperatorum
460 706 596 772 consilia
620 715 651 771 et
674 707 720 772 rei
742 707 891 772 militaris
914 708 1056 772 rationes
1071 707 1253 771 accuratius
1272 726 1328 770 ex-

206 809 327 890 plicare
351 827 422 871 raro
445 809 590 892 poetioae
614 809 797 874 traetationi
820 829 892 874 esse
915 809 1113 892 appositum,
1147 809 1255 891 itaque
1277 807 1329 873 Si-

208 910 295 984 lium,
320 917 353 974 ut
374 910 502 974 omnino
526 910 566 974 de
589 911 715 976 insidiis
738 912 866 975 structis
890 911 996 988 sileat,
1030 911 1077 975 sio
1099 911 1225 975 Poenos
1249 909 1329 973 inde

210 1019 414 1093 erumpentes
437 1031 499 1076 non
525 1013 645 1094 fauere,
667 1011 740 1075 dein
765 1033 828 1076 non
852 1013 978 1095 singula
999 1032 1144 1096 quaeque
1166 1013 1257 1076 libris
1280 1011 1330 1074 hi-

208 1114 334 1177 storicis
357 1114 474 1177 tradita
497 1123 660 1197 repetere,
694 1113 750 1178 sed
774 1134 898 1181 summa
919 1124 1052 1197 tangere
1075 1133 1176 1196 eaque
1200 1133 1327 1178 ornare.

208 1216 250 1279 Et
276 1215 352 1298 quid
379 1217 492 1298 cuique
514 1217 730 1281 Romanorum
760 1216 862 1280 eladis
889 1216 974 1299 apud
997 1216 1148 1280 Trebiam
1171 1225 1327 1299 aeceptae

212 1319 345 1383 memori
369 1331 400 1383 et
424 1319 580 1400 insignior
604 1327 636 1381 et
660 1318 779 1381 tristior
799 1320 904 1400 imago
927 1328 1002 1382 ante
1029 1319 1138 1384 oeulos
1161 1318 1328 1382 obversari

132 1427 133 1430 ’
209 1421 313 1503 potnit
344 1440 440 1504 qnam
459 1421 547 1485 nives
570 1418 664 1483 nndis
687 1419 862 1483 submersi?
895 1420 985 1498 Quae
1007 1421 1238 1503 Heynaeherus
1259 1421 1328 1502 ipse

192 1531 323 1605 ‘postea
357 1524 500 1587 sensisse
534 1527 574 1596 et,
609 1541 681 1586 eum
715 1522 745 1584 in
781 1532 1018 1604 programmate
1046 1526 1089 1608 (p.
1113 1523 1168 1600 23)
1197 1541 1236 1584 ea
1261 1523 1327 1585 iure

102 1711 105 1717 .
209 1624 454 1706 praetermittat,
477 1625 569 1708 quasi
596 1635 707 1688 tacens
732 1643 901 1688 revocasse
916 1624 1050 1701 videtur,
1073 1631 1107 1687 ut
1126 1624 1171 1686 nil
1188 1622 1327 1707 amplius

210 1724 301 1789 nobis
336 1726 521 1790 morandum
550 1727 600 1791 sit.
647 1725 710 1791 Sed
736 1725 865 1789 retinuit
887 1727 997 1809 paucis
1022 1726 1151 1790 mutatis
1176 1725 1242 1788 alia
1265 1725 1327 1789 dno

212 1827 244 1890 in
268 1826 493 1893 dissertatione
516 1829 636 1911 posita:
660 1828 848 1910 elephantos
872 1829 981 1892 hostes
1004 1829 1166 1909 fugientes
1182 1828 1328 1910 usquein

163 2001 167 2008 ⁸
212 1947 327 2010 aquam
362 1927 450 1994 fluvii
485 1939 671 2012 persecutos
704 1929 764 2013 (vs.
788 1929 850 1996 598
874 1932 953 2015 sqq.)
986 1930 1087 1994 maius
1118 1949 1213 2012 quarn
1243 1927 1330 2011 apud
1440 1929 1441 1934 ’

211 2030 348 2106 Livium,
372 2032 456 2114 apud
480 2052 574 2115 quern
597 2031 639 2114 (o.
662 2033 705 2099 55
727 2032 745 2114 5
770 2033 810 2095 10
831 2051 876 2114 sq.
904 2041 936 2095 et
958 2051 983 2094 o.
1006 2033 1048 2097 56
1070 2034 1138 2114 §ll
1162 2033 1285 2095 bestiae
1312 2051 1332 2094 a

211 2132 365 2196 Romanis
399 2135 548 2217 repulsae
575 2144 687 2201 eontra
711 2132 822 2199 Gallos
857 2135 915 2218 (se.
939 2133 1093 2200 Romanis
1122 2131 1332 2217 auxiliantes)

213 2238 367 2315 agantur,
401 2237 568 2300 consulum
598 2235 752 2299 militibus
775 2235 999 2299 detrimentum
1023 2234 1157 2316 inlerre3
1195 2235 1333 2298 alterum

214 2344 278 2402 est:
292 2335 400 2419 Soipio
414 2339 542 2403 saueius
556 2345 588 2402 et
597 2337 664 2421 ipse
677 2347 837 2420 pugnator
852 2358 872 2400 5
885 2346 979 2420 poeta
997 2337 1158 2418 induetus3
1175 2335 1256 2399 etde
1275 2336 1334 2400 hoe

214 2438 277 2500 iam
297 2457 394 2521 supra
408 2439 451 2522 (p.
464 2439 504 2504 27
521 2440 601 2523 sqq.)
613 2439 677 2502 dlxi
693 2439 937 2523 Appianumque
951 2439 1082 2503 minime
1099 2438 1183 2502 idem
1205 2437 1334 2501 tradere

215 2540 358 2621 exposui.
403 2540 494 2618 Quod
520 2561 595 2605 vero
620 2541 660 2605 ad
684 2540 874 2623 elephantos
896 2543 1044 2625 pertinet,
1068 2560 1127 2605 neo
1149 2540 1181 2604 id
1205 2560 1221 2603 e
1246 2548 1333 2604 eerto

215 2648 345 2705 auctore
370 2641 579 2708 derivandum
604 2654 662 2723 est,
694 2644 761 2725 sed,
783 2662 846 2727 qna
868 2642 908 2707 de
931 2662 1030 2707 eausa
1051 2642 1091 2706 iis
1114 2642 1244 2728 gravius
1268 2663 1333 2705 mo·

189 2827 192 2833 Ι
215 2752 356 2808 mentum
387 2745 532 2811 tribuerit
555 2747 670 2827 Silius,
709 2754 806 2829 patet.
851 2745 1028 2810 Excusaret
1056 2745 1141 2808 enim
1169 2764 1334 2808 recessum

215 2845 441 2924 Romanorum,
475 2848 502 2912 si
534 2868 642 2931 pugna.
665 2868 735 2913 enm
758 2847 808 2912 his
839 2847 950 2911 bestiis
974 2845 1013 2910 iis
1038 2855 1103 2910 tam
1126 2845 1281 2910 inusitata
1304 2853 1334 2910 et

217 2947 381 3026 incognita
403 2948 528 3029 luisset,
552 2970 647 3033 quam
669 2958 763 3035 poeta
786 2948 937 3030 depinxit.
946 2949 968 3032 ¹)
1013 2947 1061 3012 Ob
1084 2947 1219 3012 eandem
1244 2949 1334 3012 illam

217 3066 349 3112 oausam
382 3049 445 3112 iam
469 3051 595 3115 Livium
630 3053 670 3116 de
704 3053 783 3116 miro
812 3059 844 3114 et
872 3050 1026 3134 pestifero
1051 3049 1214 3114 beluarum
1238 3051 1335 3116 odore

220 3148 428 3233 fabularum)
464 3153 557 3234 plura
592 3161 623 3217 et
645 3155 808 3217 Romanos
840 3151 1050 3218 defendentia
1084 3152 1124 3215 de
1152 3153 1334 3234 elephantis

218 3251 366 3316 attulisse
389 3271 485 3334 quam
507 3255 685 3338 Polybium,
719 3256 772 3338 qni
803 3253 842 3318 de
866 3264 974 3335 strage
996 3255 1036 3317 55
1061 3253 1099 3317 iis
1121 3255 1211 3318 edita
1234 3255 1337 3320 obiter

219 3363 342 3418 tantum
374 3353 518 3438 disputat
551 3359 592 3440 (o.
618 3358 658 3422 74
678 3360 699 3438 ξ
721 3360 740 3422 2
763 3363 795 3420 et
816 3361 835 3438 ξ
859 3359 892 3435 'lt
927 3357 1108 3440 complures
1137 3355 1196 3419 viri
1222 3354 1337 3430 doerit)

220 3464 305 3522 reete
341 3457 575 3523 intellexerunt.
620 3458 720 3524 Silius
753 3459 848 3541 igitur
879 3458 924 3522 nil
954 3457 1029 3525 seuit
1057 3459 1120 3523 nisi
1144 3467 1177 3520 ut
1200 3457 1338 3522 Liviana

220 3569 402 3622 commenta
424 3559 520 3623 etiam
546 3559 649 3642 magis
673 3569 852 3625 exornaret.
896 3560 978 3624 Nam
1007 3559 1092 3644 apud
1116 3579 1188 3623 eum
1211 3579 1338 3643 quoque

220 3659 354 3724 Romani
376 3668 497 3741 eontra,
520 3681 614 3744 qnam
640 3662 690 3726 eui
714 3661 969 3744 exHeyiraoheri
991 3661 1212 3727 verbisvideri
1226 3665 1338 3746 possit,

222 3815 368 3824 ---0—-·--.-.-
377 3817 432 3824 --n--a

329 3909 355 3978 1)
375 3908 410 3964 ci.
430 3927 482 3966 uss.
504 3914 557 3968 608
576 3931 614 3983 sq.
636 3917 664 3966 et
681 3913 742 3971 616.

328 4000 356 4064 2)
376 4015 397 4054 c.
416 3999 460 4068 55,
477 4001 492 4068 ξ
511 4003 535 4056 7.
1091 4013 1093 4020 ’

255 4107 257 4113 “
330 4089 359 4159 3)
379 4087 487 4147 sinder,
508 4088 809 4146 ann.l*lee'lsis.1855.
829 4105 855 4158 p.
869 4091 921 4144 738
940 4106 978 4158 sq.
998 4088 1219 4158 Muellerprogr.
1234 4088 1336 4144 Gonitz.

223 4178 301 4245 1876,
320 4193 344 4246 p.
365 4177 406 4233 24.
537 4196 540 4204 .
666 4194 669 4202 ·
899 4189 902 4196 ⁴
934 4175 936 4182 '
