2936 4718
792 325 834 389 40

256 516 348 571 erant
370 516 402 571 et
425 509 535 574 consul
559 529 643 572 anno
659 509 722 574 280
737 529 756 572 1
771 508 894 592 Pyrrho
924 508 966 571 ad
981 508 1174 576 Heracleam
1197 508 1415 594 devictus¹)

255 618 288 673 et
309 617 446 691 praetor,
469 612 532 694 qui,
555 631 596 674 ne
619 611 829 694 PhilippusV
851 610 1064 674 Macedonum
1089 630 1143 674 rex
1165 611 1279 694 copias
1306 632 1413 676 eum

254 711 437 775 Hannibale
465 713 687 795 coniungerer,
723 713 867 777 sollertia
901 732 959 776 sua
993 711 1197 797 impediviti)
1241 713 1292 777 Ex
1322 715 1413 778 Ho-

254 813 336 876 ratio
365 833 487 897 quoqne
520 815 592 895 (sat.
617 817 640 887 Ι,
670 817 700 896 6,
732 818 771 881 12
794 823 826 878 et
850 817 903 898 19)
933 822 1041 879 notum
1069 822 1132 893 est3
1169 815 1273 898 obque
1303 835 1411 880 eam

246 934 322 978 rem
351 917 482 980 verbum
512 917 557 980 nil
585 918 723 1000 amplius
753 916 946 980 addendum.
991 917 1103 980 Mirari
1134 924 1259 980 tantum
1288 918 1412 998 licet,

254 1017 338 1097 qnod
362 1017 603 1100 Heynaoberus,
627 1040 698 1082 cum
715 1017 844 1082 Corvini
868 1019 900 1082 in
925 1037 971 1081 vs.
997 1017 1089 1081 huius
1112 1017 1185 1083 libri
1210 1020 1260 1083 rii
1286 1040 1409 1084 men-

254 1118 341 1183 tione
374 1119 460 1188 sacta
493 1120 636 1186 offensus
670 1120 783 1186 Silium
819 1121 949 1203 saepius
987 1120 1125 1190 studium
1164 1121 1406 1186 celebrandis

254 1221 390 1286 Valeriis
419 1223 615 1306 impendisse
643 1223 749 1303 itaque
777 1221 971 1306 panegyrico
998 1223 1067 1284 eius
1090 1223 1212 1304 gentis,
1248 1223 1407 1288 Valerii

254 1324 395 1388 Antiatis
417 1325 597 1404 annalibus,
621 1344 712 1388 usum
737 1324 838 1387 videri
861 1323 1030 1386 adnotaret
1052 1324 1172 1406 (progr.
1197 1344 1227 1407 p.
1250 1325 1308 1396 26,
1335 1327 1404 1407 6),
1460 1324 1461 1373 l

255 1443 272 1487 e
297 1424 356 1489 hoo
385 1427 515 1490 nomine
542 1446 604 1490 non
629 1431 852 1507 argumentum
877 1423 1056 1498 hauserit-⁰2).
1100 1425 1183 1491 Nam
1206 1427 1402 1492 Laevinus

254 1545 432 1606 cognomen
462 1528 567 1611 gentis
596 1528 746 1591 Valeriae
776 1535 825 1591 est
852 1535 884 1590 et
906 1527 1057 1591 Horatius
1081 1528 1257 1592 Laevinum
1292 1550 1399 1613 eum,
1459 1552 1461 1601 l

254 1645 347 1708 quem
369 1628 389 1690 l.
414 1629 434 1690 l.
459 1630 631 1694 memoriae
654 1629 803 1712 prodidit,
827 1629 947 1706 ,Valeri
966 1647 1079 1711 genus,
1111 1630 1196 1693 unde
1211 1634 1397 1714 superbus

253 1727 447 1810 Tarquinius
470 1749 568 1811 regno
590 1731 700 1814 pulsus
723 1731 815 1814 lugit'
838 1730 991 1814 appellat.
1035 1732 1133 1796 Porro
1156 1731 1259 1796 honos
1285 1733 1391 1797 Han-

253 1830 371 1895 nibalis
393 1851 490 1896 mann
515 1832 650 1896 cadendi
672 1833 855 1898 Viriasio
878 1832 1035 1911 tribuitur,
1066 1835 1209 1899 Sidicino
1240 1835 1322 1898 lorti
1353 1849 1395 1900 et
1460 1914 1461 1931 ἵ

254 1932 394 1996 omnium
418 1933 493 1997 belli
515 1934 631 1998 artium
653 1955 766 2017 gnaro,
789 1936 849 2017 qui,
874 1955 936 2017 quo
960 1955 1093 1998 numero
1117 1935 1202 2018 epici
1217 1936 1390 2003 delectati
1459 1942 1461 2005 l

254 2050 326 2097 esse
348 2034 533 2120 videntur,⁴)
557 2037 656 2114 ,mille
677 2034 765 2102 viros'
793 2038 963 2121 dubietas,
979 2037 1039 2102 551
1064 2043 1153 2121 squ).
1197 2039 1292 2103 Hane
1322 2061 1389 2106 no-

253 2135 348 2200 minis
372 2137 517 2215 formam,
540 2159 634 2222 quam
650 2138 852 2202 Coloniensis
869 2150 954 2202 recte
971 2139 1113 2222 tradidit,
1136 2141 1276 2205 editores
1292 2162 1389 2208 vero
1459 2100 1461 2175 i

253 2257 272 2301 e
295 2241 444 2304 contextu
460 2240 595 2319 eiecere,
618 2241 813 2304 Jordanus
839 2252 1028 2324 praeceptor
1045 2242 1252 2319 clarissimus,
1278 2245 1387 2308 euius
1459 2290 1461 2338 ,

253 2338 471 2421 incitamento,
500 2341 583 2423 quod
615 2343 647 2404 in
672 2342 850 2405 universum
874 2342 914 2406 de
937 2345 1118 2408 nominibus
1143 2344 1276 2410 Silianis
1299 2345 1385 2410 dili·
1459 2339 1461 2409 l

252 2440 380 2518 gentius
403 2443 558 2524 quaesivi,
581 2463 656 2506 num
680 2462 718 2506 ex
734 2443 773 2506 iis
789 2443 910 2525 aliquid
925 2443 966 2508 ad
982 2447 1118 2510 annales
1133 2447 1225 2512 nobis
1241 2447 1386 2527 ignotos
1459 2484 1461 2558 p

253 2550 405 2623 spectans
428 2544 576 2625 eluceret,
605 2544 706 2608 debeo
739 2547 926 2629 gratiasque
959 2547 1061 2612 babeo
1085 2568 1178 2630 quam
1201 2549 1383 2628 maximae,

253 2641 371 2708 Oscam
405 2665 455 2709 me
491 2665 563 2711 esse
598 2645 741 2726 docuit.⁵)
786 2647 898 2712 Silium
919 2667 1019 2720 .vero,
1056 2669 1148 2732 quem
1183 2649 1301 2714 diutius
1342 2653 1381 2716 in
1460 2686 1461 2691 κ

253 2745 432 2830 Campania
454 2758 615 2813 versatum
638 2768 710 2812 esse
726 2748 849 2814 Plinius
866 2753 930 2832 (ep.
946 2751 1005 2828 ΙΙΙ,
1023 2752 1056 2833 7)
1079 2751 1170 2816 testis
1194 2765 1252 2827 est,
1273 2752 1380 2816 inter·
1460 2731 1461 2764 ¹

252 2847 326 2911 dum
361 2847 404 2912 ibi
437 2851 501 2914 tale
534 2870 650 2915 nomen
685 2851 815 2916 audisse
848 2851 1038 2931 existimem,
1072 2855 1261 2936 praesertim
1295 2871 1380 2919 cum
1460 2877 1461 2886 ¹

252 2951 337 3033 apud
360 2952 506 3017 Tacitum
529 2953 625 3016 etiam
649 2952 733 3016 haud
757 2973 858 3033 pauca
879 2955 913 3015 in
936 2989 978 2998 -
1003 2955 1069 3019 sius
1093 2954 1253 3019 mittentia
1276 2974 1376 3036 repe-

358 3129 385 3194 1)
405 3125 440 3182 cl.
460 3143 482 3184 e.
501 3143 528 3194 g.
549 3127 619 3181 Vlor.
638 3126 661 3191 Ι,
687 3126 722 3180 13
746 3128 803 3195 §V
831 3128 903 3183 Just.
932 3126 1035 3192 XVIII,
1065 3130 1079 3182 1
1107 3127 1122 3198 ἓ
1146 3131 1172 3187 4.
1197 3127 1310 3198 Eutrop.
1330 3127 1374 3198 II,

251 3217 284 3270 11
304 3220 318 3280 ξ
337 3217 353 3269 2
372 3214 507 3282 Droysen.

357 3303 385 3371 2)
406 3301 438 3356 ol.
459 3303 516 3356 LIv.
536 3303 629 3365 XXVI,
649 3320 671 3358 c.
691 3305 732 3364 22,
751 3304 767 3374 5
787 3306 832 3369 123
851 3320 873 3359 c.
888 3305 922 3359 24
941 3321 999 3374 sqq.
1010 3304 1121 3374 Eutrop.
1135 3304 1184 3372 ΙΙΙ,
1208 3307 1241 3359 12
1255 3305 1305 3371 ξ4.
1318 3304 1372 3363 Dr.

356 3393 385 3461 3)
405 3396 449 3444 An
467 3390 532 3444 facit
550 3390 627 3456 forte,
640 3394 704 3462 quia
716 3395 830 3448 Messala
852 3394 999 3462 ‚prohibuit
1017 3393 1101 3447 inseri
1118 3395 1197 3462 genti
1211 3409 1276 3447 suae
1296 3393 1368 3445 Lae-

249 3482 371 3537 uinorum
391 3481 506 3535 alienam
525 3479 678 3548 imaginem*
698 3482 778 3552 (Plio,
798 3481 831 3536 N.
850 3481 886 3541 H.
903 3482 1010 3536 XXXV.
1033 3483 1057 3548 2,
1076 3481 1125 3552 8)'?
1144 3499 1187 3548 an,
1214 3482 1279 3551 quia
1297 3481 1370 3534 Lae-

250 3571 327 3624 vinus
347 3586 401 3623 non
420 3572 464 3623 sat
482 3583 607 3636 magnam
625 3570 732 3624 laudem
753 3570 823 3641 apud
842 3569 939 3624 Silium
957 3574 1116 3626 consecutus
1136 3569 1296 3624 videbatur?

356 3657 383 3727 4)
402 3657 476 3711 Idem
496 3673 588 3711 versus
600 3658 709 3712 initium
728 3659 809 3724 ,mille
827 3659 905 3713 viros'
925 3659 958 3729 (v.
978 3659 1050 3729 552.)
1069 3661 1205 3714 invenitur
1223 3675 1265 3726 ap.
1285 3658 1368 3725 Verg.

250 3749 317 3802 Aen.
337 3747 393 3811 Vll,
419 3746 472 3800 653
496 3749 524 3800 et
545 3745 593 3812 XI,
612 3747 646 3800 61
672 3748 704 3801 cf.
731 3749 823 3800 etiam.
843 3746 924 3813 Verg.
944 3748 1014 3803 Aen.
1033 3749 1066 3813 X,
1091 3748 1151 3812 178,
1175 3747 1222 3801 Sil.
1241 3745 1293 3814 ΙΙΙ,
1316 3747 1370 3801 292

249 3837 320 3902 XIV,
340 3836 400 3906 209,
420 3834 472 3889 259
491 3851 529 3902 sq.

355 3925 383 3992 5)
403 3923 437 3977 ol.
457 3922 560 3976 Jordan
578 3921 650 3976 Krit.
669 3923 752 3979 BoItr.
771 3942 792 3978 z.
812 3921 912 3981 Gesch.
932 3924 959 3978 d.
978 3927 1026 3979 lat.
1040 3925 1156 3993 Spraohe
1176 3925 1254 3993 1879,
1267 3941 1291 3993 p.
1305 3925 1365 3993 113,

249 4017 310 4085 115,
330 4015 382 4068 124
400 4011 437 4081 (p.
456 4012 508 4065 124
526 4011 582 4082 ,das
603 4011 859 4081 Ergebnrssdieser
870 4013 1083 4081 Untersnchung
1102 4013 1158 4067 also
1176 4015 1223 4080 ist,
1242 4013 1305 4067 dass
1323 4011 1365 4066 die

249 4103 430 4161 lateinischen
443 4100 547 4153 Namen
567 4101 616 4157 anf
633 4131 665 4140 -
686 4102 751 4166 sius,
771 4101 869 4156 welche
887 4101 945 4154 siolr
963 4102 993 4154 in
1005 4101 1073 4156 Rom
1090 4101 1189 4166 finden,
1202 4102 1364 4156 111111111-

249 4193 389 4256 rbmische,
403 4191 503 4246 mittel-
518 4191 572 4245 und
584 4189 763 4245 eliditolisohe
778 4189 915 4244 Herlrunlb
933 4189 1006 4244 ihrer
1024 4190 1126 4258 Trager
1142 4186 1365 4258 uurbokweison’.)
