2908 4724
791 350 851 415 118

258 544 393 618 spectat,
427 535 573 619 quamvis
605 556 625 599 a
655 533 763 599 multis
795 554 853 598 suo
887 541 1028 616 tempore
1059 533 1265 612 leotitaretur‚
1303 531 1369 614 quio

259 637 439 719 fragmenta
463 637 571 702 brevia
592 636 779 720 plerumque
809 655 872 700 non
896 635 1030 705 formae,
1061 635 1118 699 sed
1151 653 1255 700 rerum
1280 652 1370 698 sauss

259 739 444 820 laudantur,
486 737 659 802 Frontonis
690 757 767 802 vero
806 736 958 801 iudicium
996 737 1101 820 (epist.
1130 757 1160 819 p.
1193 737 1254 800 114
1283 733 1371 816 uas.)

259 841 434 921 ‚historiam
468 840 627 924 scripsere
656 839 869 903 ...Antias
905 840 1086 904 invenuste'
1114 859 1153 904 ex
1193 837 1295 901 nimio
1323 855 1371 898 an·

260 943 414 1026 tiquitatis
449 941 555 1006 studio
590 940 798 1022 repetendum
832 950 896 1020 est,
938 941 1032 1006 Peter
1071 942 1144 1013 hist,
1181 940 1271 1004 Rom.
1310 936 1372 1000 rell.

260 1064 290 1127 p.
314 1043 455 1108 ooovss
484 1051 570 1107 rente
605 1042 694 1119 dixit,
722 1043 764 1120 ‚in
794 1042 853 1105 hae
884 1061 919 1106 re
946 1043 1037 1108 nobis
1067 1041 1155 1107 omni
1184 1039 1303 1106 iudinio
1325 1040 1372 1102 ab·

260 1146 443 1211 stinendum
470 1141 570 1228 est’.²)
614 1148 764 1209 Attamen
788 1163 851 1208 non
876 1145 921 1208 ita
949 1144 1083 1227 elegans
1113 1145 1214 1208 luisse
1242 1139 1374 1206 oonieoit

260 1247 384 1312 Krause
429 1268 447 1311 a
478 1246 665 1311 Lielraldtio
725 1246 775 1310 De
815 1246 885 1310 Vol.
922 1249 995 1310 Ant.
1041 1265 1071 1330 p.
1109 1247 1151 1312 22
1187 1247 1304 1309 citatus
1347 1251 1374 1304 et

264 1369 303 1413 ex
326 1349 437 1413 horum
460 1348 611 1413 librorum
634 1347 759 1430 origine
782 1349 996 1430 consequitur,
1020 1348 1065 1412 its
1087 1355 1122 1412 ut
1136 1346 1275 1412 Nisseno
1292 1343 1372 1418 tlrrit.

261 1450 451 1516 Untersuoh.
475 1458 505 1514 ti.
530 1449 560 1512 d.
584 1450 688 1527 Quell.
717 1450 745 1513 d.
770 1448 860 1513 viert.
889 1469 920 1514 u.
944 1448 1038 1515 tunft.
1062 1448 1199 1513 Dekode
1226 1448 1284 1512 des
1308 1445 1372 1509 Liv.

261 1571 289 1635 p.
312 1553 368 1634 45)
402 1551 515 1624 ,neben
550 1551 622 1614 dem
661 1551 867 1616 trookensten
896 1550 1136 1615 Chronikenstil
1164 1552 1238 1616 eine
1260 1551 1372 1629 Menge

260 1654 472 1735 aulgepunter
489 1652 785 1719 Sohlaohtlreriohte
815 1652 879 1722 und
903 1653 1016 1735 longer
1043 1651 1252 1717 inhaltsloser
1267 1648 1372 1717 Schul-

264 1753 371 1819 reden'
395 1754 438 1818 iti
461 1763 615 1837 congesta
630 1755 730 1818 fuisse
745 1753 970 1838 viderentur.²)
1014 1755 1079 1821 Sed
1095 1762 1130 1819 ut
1145 1754 1185 1817 ad
1203 1753 1371 1818 Corvinum

262 1869 414 1934 revertar,
437 1875 492 1921 eur
514 1855 573 1920 hoe
596 1857 725 1921 nornine
748 1865 854 1920 vatem
877 1859 940 1938 (vs.
963 1857 1017 1942 80)
1039 1855 1218 1940 praeditum
1235 1873 1309 1919 esse
1325 1871 1371 1916 vo·

261 1958 357 2022 luerit
379 1965 484 2041 poeta,
507 1959 539 2020 in
564 1958 733 2041 propatulo
757 1965 815 2021 est.
861 1957 951 2024 Siout
968 1961 1052 2024 enim
1069 1963 1137 2042 ipse
1153 1955 1285 2033 indicat,
1311 1973 1370 2020 nor·

262 2080 331 2138 vus,
354 2062 407 2143 qui
430 2079 450 2122 a
472 2059 576 2125 Statio
589 2059 689 2123 Theb.
711 2060 770 2136 Ill,
786 2058 850 2124 506
871 2079 989 2134 ,eomes
1012 2061 1165 2125 obscurus
1180 2053 1372 2140 tripodum’⁸)

262 2171 294 2226 et
316 2160 476 2245 saepius⁴)
506 2181 608 2238 ,saera
639 2159 712 2226 sles'
743 2161 909 2236 vocitatur,
933 2162 1075 2244 Apollini
1098 2180 1190 2228 sanor
1212 2168 1245 2224 et
1266 2159 1370 2225 vatini-

263 2263 364 2327 nandi
385 2265 505 2347 peritus
527 2263 712 2334 habebatur,
736 2282 830 2344 quum
853 2265 892 2328 ob
916 2282 982 2327 rem
1000 2265 1070 2348 ipse
1085 2264 1164 2328 deus
1177 2263 1235 2330 Ov.
1251 2263 1326 2328 Met.
1342 2263 1370 2339 ll,
1435 2261 1436 2300 ³

262 2365 324 2430 329
352 2365 384 2429 in
412 2383 542 2431 oorvum
572 2382 607 2429 se
630 2364 828 2430 convertisse
849 2365 987 2448 fingitur.
1032 2366 1180 2430 Ceterum
1197 2386 1302 2449 quarn,
1319 2383 1369 2449 qua

263 2465 422 2530 affinitate
446 2465 624 2546 ‚Corvinus’
658 2476 690 2531 et
723 2466 851 2548 ‚norvns’
889 2468 972 2531 inter
1001 2486 1036 2532 se
1065 2468 1236 2532 ooniunota
1258 2475 1371 2543 essent,
1436 2476 1437 2488 ¹

263 2568 435 2650 unicuique
458 2569 584 2633 obviarn
608 2568 714 2652 fuerit,
747 2588 764 2633 e
787 2570 879 2634 Livio
902 2576 1001 2652 patet,
1031 2568 1084 2652 qni
1107 2569 1244 2634 eundem
1268 2587 1373 2633 oonsu-
1435 2569 1436 2576 ’

264 2671 326 2734 lem
350 2689 423 2734 mox
445 2669 604 2749 ‚Corvum’
628 2671 713 2752 (Vll,
735 2672 777 2736 28
799 2674 819 2752 ξ
843 2671 896 2752 10)
919 2689 991 2735 mox
1013 2669 1209 2752 ‚Corvinum’
1226 2672 1281 2753 (ib.
1297 2692 1321 2738 e.
1335 2671 1374 2735 32

265 2773 284 2855 8
308 2773 360 2856 15)
383 2773 534 2856 appellat.

370 2874 433 2941 Sed
456 2875 555 2940 etium
578 2875 609 2939 in
633 2875 683 2950 iis,
706 2893 789 2956 quae
810 2873 967 2938 Corvinus
990 2873 1046 2938 ille
1070 2875 1156 2958 apud
1172 2875 1287 2941 Silium
1309 2893 1373 2938 ors·
1435 2815 1437 2954 i

264 2974 352 3039 tione
385 2977 536 3060 exprimit
567 2977 629 3062 (vs.
661 2977 702 3042 82
725 2977 804 3059 sqq.)
839 2977 872 3040 ei
898 2973 1077 3041 Flaminius
1111 2977 1285 3060 respondet
1317 2976 1373 3060 (νε.

266 3076 325 3140 107
349 3078 440 3162 squ),
482 3078 714 3161 ileynaoherus
736 3078 854 3161 (progr.
878 3098 906 3161 p.
929 3078 980 3155 27,
1006 3078 1037 3160 7)
1061 3079 1209 3159 vestigio,
1234 3097 1316 3162 quae
1337 3075 1374 3140 ad

264 3176 404 3262 perditos
428 3188 574 3242 auctores
597 3177 727 3258 ferrent,
752 3179 886 3258 invenit,
908 3197 1102 3262 qrrnmquam
1125 3180 1271 3263 sibiipsi
1294 3187 1373 3244 reoto

264 3297 362 3342 seusu
385 3278 501 3345 obieoit
523 3280 619 3358 ‚Ater
642 3280 772 3346 konnen
795 3279 885 3346 dieso
901 3280 1079 3348 Gedonken
1103 3281 1191 3348 niolrt
1206 3281 1263 3346 der
1278 3282 1373 3346 Phon-

265 3380 347 3443 tnsie
370 3381 427 3444 des
439 3380 589 3446 Diohters
612 3381 895 3464 ilrrellntstehung
918 3379 1092 3460 lanient,
1116 3383 1173 3448 sed
1188 3382 1234 3446 ita
1248 3391 1374 3458 tantum,

264 3488 299 3545 ut
320 3482 485 3547 meliorem
508 3484 694 3549 instinotum
718 3484 827 3549 statim
850 3484 1077 3566 suppresserit.
1122 3485 1164 3550 Et
1186 3484 1286 3568 pudet
1310 3501 1374 3567 pro·

267 3581 349 3646 teoto
372 3582 492 3648 referre
516 3603 627 3650 omnes
651 3585 873 3668 eogitationes,
901 3604 1034 3667 quarum
1057 3586 1288 3672 Heynsoherus
1311 3588 1372 3650 l'on·

265 3693 332 3747 tem
354 3683 525 3766 desiderat,
549 3706 742 3770 quamquam
759 3685 858 3753 Silius
881 3695 913 3751 et
929 3688 1146 3770 unusquisque
1162 3687 1283 3754 similia
1299 3698 1373 3754 trao-

373 3934 400 3999 1)
420 3934 454 3988 ol.
473 3935 599 3990 Liebuldt
616 3937 634 3992 l.
654 3951 677 3995 o.
695 3954 720 4006 p.
741 3937 783 3991 21.

361 4021 401 4090 8)
420 4021 452 4076 oi.
471 4024 553 4076 etiem
572 4023 732 4093 Sohwogler.
751 4026 778 4082 h.
798 4025 829 4081 R.
849 4025 872 4091 1,
891 4026 934 4084 93.

373 4109 400 4179 3)
420 4110 461 4168 vd.
480 4109 563 4166 Boron
576 4112 616 4166 ud
634 4113 652 4170 l.
674 4114 691 4167 l.
715 4143 717 4150 .

373 4199 402 4268 4)
422 4216 445 4253 o.
463 4215 491 4267 g.
511 4199 607 4256 Florus
627 4201 647 4268 Ι,
666 4218 688 4256 ο.
707 4203 733 4261 8.
753 4202 788 4256 H.
