<?xml version="1.0" encoding="UTF-8"?>
<!DOCTYPE html PUBLIC "-//W3C//DTD XHTML 1.0 Transitional//EN"
    "http://www.w3.org/TR/xhtml1/DTD/xhtml1-transitional.dtd">
<html xmlns="http://www.w3.org/1999/xhtml" xml:lang="en" lang="en">
 <head>
  <title>
</title>
<meta http-equiv="Content-Type" content="text/html;charset=utf-8" />
  <meta name='ocr-system' content='tesseract 3.04.00' />
  <meta name='ocr-capabilities' content='ocr_page ocr_carea ocr_par ocr_line ocrx_word'/>
</head>
<body>
  <div class='ocr_page' id='page_1' title='image "./defidehistorica00schlgoog_0090.png"; bbox 0 0 2908 4724; ppageno 0'>
   <div class='ocr_carea' id='block_1_1' title="bbox 622 327 785 394">
    <p class='ocr_par' dir='ltr' id='par_1_1' title="bbox 622 327 785 394">
     <span class='ocr_line' id='line_1_1' title="bbox 622 327 785 394; baseline -0.037 0"><span class='ocrx_word' id='word_1_1' title='bbox 622 327 664 394; x_wconf 77' lang='lat'>85</span> <span class='ocrx_word' id='word_1_2' title='bbox 783 385 785 388; x_wconf 83' lang='lat'>.</span> 
     </span>
    </p>
   </div>
   <div class='ocr_carea' id='block_1_2' title="bbox 47 508 1296 4054">
    <p class='ocr_par' dir='ltr' id='par_1_2' title="bbox 47 508 1296 3444">
     <span class='ocr_line' id='line_1_2' title="bbox 47 508 1208 595; baseline 0.004 -22"><span class='ocrx_word' id='word_1_3' title='bbox 47 509 144 574; x_wconf 83' lang='lat' dir='ltr'>tinne</span> <span class='ocrx_word' id='word_1_4' title='bbox 180 508 228 574; x_wconf 87' lang='lat' dir='ltr'>dc</span> <span class='ocrx_word' id='word_1_5' title='bbox 260 512 373 577; x_wconf 82' lang='lat' dir='ltr'>totius</span> <span class='ocrx_word' id='word_1_6' title='bbox 395 512 472 578; x_wconf 82' lang='lat' dir='ltr'>tetii</span> <span class='ocrx_word' id='word_1_7' title='bbox 492 531 613 595; x_wconf 80' lang='lat' dir='ltr'>genere</span> <span class='ocrx_word' id='word_1_8' title='bbox 634 520 729 594; x_wconf 76' lang='lat' dir='ltr'>atquc</span> <span class='ocrx_word' id='word_1_9' title='bbox 752 517 870 579; x_wconf 75' lang='lat' dir='ltr'>eventu</span> <span class='ocrx_word' id='word_1_10' title='bbox 893 519 988 578; x_wconf 80' lang='lat' dir='ltr'>canet.</span> <span class='ocrx_word' id='word_1_11' title='bbox 1032 512 1124 578; x_wconf 80' lang='lat' dir='ltr'>Talia</span> <span class='ocrx_word' id='word_1_12' title='bbox 1149 513 1208 578; x_wconf 80' lang='lat' dir='ltr'>suit</span> 
     </span>
     <span class='ocr_line' id='line_1_3' title="bbox 50 607 1206 698; baseline 0.004 -25"><span class='ocrx_word' id='word_1_13' title='bbox 50 629 172 693; x_wconf 76' lang='lat' dir='ltr'>pugna</span> <span class='ocrx_word' id='word_1_14' title='bbox 194 611 263 676; x_wconf 74' lang='lat' dir='ltr'>iit-a</span> <span class='ocrx_word' id='word_1_15' title='bbox 290 631 370 678; x_wconf 82' lang='lat' dir='ltr'>curn</span> <span class='ocrx_word' id='word_1_16' title='bbox 392 613 550 698; x_wconf 80' lang='lat' dir='ltr'>equitibus</span> <span class='ocrx_word' id='word_1_17' title='bbox 572 613 720 678; x_wconf 74' lang='lat' dir='ltr'>Nunidis</span> <span class='ocrx_word' id='word_1_18' title='bbox 746 614 788 678; x_wconf 89' lang='lat' dir='ltr'>ad</span> <span class='ocrx_word' id='word_1_19' title='bbox 806 607 1000 679; x_wconf 70' lang='grc' dir='ltr'>ΞΙὶῑιιιιὶιιιιιιιι</span> <span class='ocrx_word' id='word_1_20' title='bbox 1024 615 1206 690; x_wconf 76' lang='lat' dir='ltr'>commissa,</span> 
     </span>
     <span class='ocr_line' id='line_1_4' title="bbox 54 710 1206 799; baseline 0.005 -25"><span class='ocrx_word' id='word_1_21' title='bbox 54 710 100 776; x_wconf 82' lang='lat' dir='ltr'>(ie</span> <span class='ocrx_word' id='word_1_22' title='bbox 129 731 196 796; x_wconf 83' lang='lat' dir='ltr'>qua</span> <span class='ocrx_word' id='word_1_23' title='bbox 219 714 352 780; x_wconf 76' lang='lat' dir='ltr'>Livius</span> <span class='ocrx_word' id='word_1_24' title='bbox 374 715 460 793; x_wconf 82' lang='lat' dir='ltr'>XXI,</span> <span class='ocrx_word' id='word_1_25' title='bbox 484 716 526 781; x_wconf 76' lang='grc'>29</span> <span class='ocrx_word' id='word_1_26' title='bbox 547 718 567 796; x_wconf 65' lang='grc' dir='ltr'><strong>ἕ</strong></span> <span class='ocrx_word' id='word_1_27' title='bbox 587 717 609 781; x_wconf 88' lang='grc'><strong>4</strong></span> <span class='ocrx_word' id='word_1_28' title='bbox 634 713 760 782; x_wconf 80' lang='lat' dir='ltr'><strong>dixerat</strong></span> <span class='ocrx_word' id='word_1_29' title='bbox 795 717 866 794; x_wconf 83' lang='lat' dir='ltr'>,huc</span> <span class='ocrx_word' id='word_1_30' title='bbox 894 715 1086 799; x_wconf 85' lang='lat' dir='ltr'>principium</span> <span class='ocrx_word' id='word_1_31' title='bbox 1110 715 1206 780; x_wconf 80' lang='lat' dir='ltr'>simui</span> 
     </span>
     <span class='ocr_line' id='line_1_5' title="bbox 56 817 1207 902; baseline 0.004 -25"><span class='ocrx_word' id='word_1_32' title='bbox 56 829 258 902; x_wconf 81' lang='lat' dir='ltr'>omenque</span> <span class='ocrx_word' id='word_1_33' title='bbox 302 817 384 882; x_wconf 81' lang='lat' dir='ltr'>belii</span> <span class='ocrx_word' id='word_1_34' title='bbox 411 820 447 882; x_wconf 92' lang='lat' dir='ltr'>ut</span> <span class='ocrx_word' id='word_1_35' title='bbox 467 835 613 884; x_wconf 79' lang='lat' dir='ltr'>summae</span> <span class='ocrx_word' id='word_1_36' title='bbox 634 835 740 880; x_wconf 86' lang='lat' dir='ltr'>rerum</span> <span class='ocrx_word' id='word_1_37' title='bbox 762 835 953 900; x_wconf 80' lang='lat' dir='ltr'>prosperum</span> <span class='ocrx_word' id='word_1_38' title='bbox 976 825 1137 895; x_wconf 83' lang='lat' dir='ltr'>eventurn,</span> <span class='ocrx_word' id='word_1_39' title='bbox 1161 817 1207 882; x_wconf 77' lang='lat' dir='ltr'>ita</span> 
     </span>
     <span class='ocr_line' id='line_1_6' title="bbox 58 913 1206 1001; baseline 0.005 -23"><span class='ocrx_word' id='word_1_40' title='bbox 58 913 150 978; x_wconf 79' lang='lat' dir='ltr'>haud</span> <span class='ocrx_word' id='word_1_41' title='bbox 173 935 263 984; x_wconf 77' lang='lat' dir='ltr'>nanc</span> <span class='ocrx_word' id='word_1_42' title='bbox 291 918 498 983; x_wconf 85' lang='lat' dir='ltr'>incruentum</span> <span class='ocrx_word' id='word_1_43' title='bbox 520 916 733 1001; x_wconf 68' lang='lat' dir='ltr'>ancipitisque</span> <span class='ocrx_word' id='word_1_44' title='bbox 754 918 941 986; x_wconf 79' lang='lat' dir='ltr'>certaminis</span> <span class='ocrx_word' id='word_1_45' title='bbox 962 918 1132 985; x_wconf 75' lang='lat' dir='ltr'>victoriam</span> <span class='ocrx_word' id='word_1_46' title='bbox 1146 920 1206 984; x_wconf 75' lang='lat' dir='ltr'>uc</span> 
     </span>
     <span class='ocr_line' id='line_1_7' title="bbox 60 1016 1208 1104; baseline 0.007 -27"><span class='ocrx_word' id='word_1_47' title='bbox 60 1016 170 1081; x_wconf 78' lang='lat' dir='ltr'>mania</span> <span class='ocrx_word' id='word_1_48' title='bbox 205 1020 409 1100; x_wconf 73' lang='lat' dir='ltr'>portendit.</span> <span class='ocrx_word' id='word_1_49' title='bbox 452 1021 546 1085; x_wconf 84' lang='lat' dir='ltr'>Hanc</span> <span class='ocrx_word' id='word_1_50' title='bbox 575 1037 717 1103; x_wconf 84' lang='lat' dir='ltr'>pugnam</span> <span class='ocrx_word' id='word_1_51' title='bbox 744 1019 854 1084; x_wconf 81' lang='lat' dir='ltr'>emisit</span> <span class='ocrx_word' id='word_1_52' title='bbox 877 1020 986 1098; x_wconf 68' lang='lat' dir='ltr'>Silius,</span> <span class='ocrx_word' id='word_1_53' title='bbox 1009 1022 1084 1104; x_wconf 86' lang='lat' dir='ltr'>quia</span> <span class='ocrx_word' id='word_1_54' title='bbox 1106 1023 1208 1088; x_wconf 84' lang='lat' dir='ltr'>ievicr</span> 
     </span>
     <span class='ocr_line' id='line_1_8' title="bbox 62 1119 1208 1205; baseline 0.004 -24"><span class='ocrx_word' id='word_1_55' title='bbox 62 1134 146 1199; x_wconf 78' lang='lat' dir='ltr'>esse,</span> <span class='ocrx_word' id='word_1_56' title='bbox 170 1138 279 1202; x_wconf 74' lang='lat' dir='ltr'>quam</span> <span class='ocrx_word' id='word_1_57' title='bbox 307 1128 344 1184; x_wconf 86' lang='lat' dir='ltr'>ut</span> <span class='ocrx_word' id='word_1_58' title='bbox 366 1119 430 1186; x_wconf 87' lang='lat' dir='ltr'>iate</span> <span class='ocrx_word' id='word_1_59' title='bbox 452 1122 599 1186; x_wconf 79' lang='lat' dir='ltr'>versibus</span> <span class='ocrx_word' id='word_1_60' title='bbox 621 1121 858 1205; x_wconf 78' lang='lat' dir='ltr'>depingeretur,</span> <span class='ocrx_word' id='word_1_61' title='bbox 873 1121 924 1187; x_wconf 88' lang='lat' dir='ltr'>vei</span> <span class='ocrx_word' id='word_1_62' title='bbox 941 1121 1015 1204; x_wconf 87' lang='lat' dir='ltr'>quia</span> <span class='ocrx_word' id='word_1_63' title='bbox 1030 1122 1208 1188; x_wconf 82' lang='lat' dir='ltr'>accuratior</span> 
     </span>
     <span class='ocr_line' id='line_1_9' title="bbox 60 1217 1296 1306; baseline 0.005 -25"><span class='ocrx_word' id='word_1_64' title='bbox 60 1217 131 1283; x_wconf 84' lang='lat' dir='ltr'>uiue</span> <span class='ocrx_word' id='word_1_65' title='bbox 151 1221 374 1305; x_wconf 83' lang='lat' dir='ltr'>aliarumque</span> <span class='ocrx_word' id='word_1_66' title='bbox 396 1241 501 1287; x_wconf 83' lang='lat' dir='ltr'>rerum</span> <span class='ocrx_word' id='word_1_67' title='bbox 524 1224 558 1288; x_wconf 90' lang='lat' dir='ltr'>iu</span> <span class='ocrx_word' id='word_1_68' title='bbox 580 1223 646 1288; x_wconf 85' lang='lat' dir='ltr'>iiiie</span> <span class='ocrx_word' id='word_1_69' title='bbox 663 1223 846 1306; x_wconf 79' lang='lat' dir='ltr'>regionibus</span> <span class='ocrx_word' id='word_1_70' title='bbox 868 1231 1031 1306; x_wconf 82' lang='lat' dir='ltr'>gestarum</span> <span class='ocrx_word' id='word_1_71' title='bbox 1055 1225 1093 1290; x_wconf 82' lang='lat' dir='ltr'>ait</span> <span class='ocrx_word' id='word_1_72' title='bbox 1117 1223 1208 1288; x_wconf 82' lang='lat' dir='ltr'>insti·</span> <span class='ocrx_word' id='word_1_73' title='bbox 1294 1264 1296 1269; x_wconf 91' lang='lat'><em>-</em></span> 
     </span>
     <span class='ocr_line' id='line_1_10' title="bbox 58 1323 1205 1410; baseline 0.005 -26"><span class='ocrx_word' id='word_1_74' title='bbox 58 1327 129 1384; x_wconf 86' lang='lat' dir='ltr'>tuto</span> <span class='ocrx_word' id='word_1_75' title='bbox 155 1331 191 1386; x_wconf 89' lang='lat' dir='ltr'>et</span> <span class='ocrx_word' id='word_1_76' title='bbox 215 1323 364 1388; x_wconf 79' lang='lat' dir='ltr'>summis</span> <span class='ocrx_word' id='word_1_77' title='bbox 387 1333 483 1407; x_wconf 84' lang='lat' dir='ltr'>pocta</span> <span class='ocrx_word' id='word_1_78' title='bbox 500 1325 701 1390; x_wconf 81' lang='lat' dir='ltr'>mvidetatuu</span> <span class='ocrx_word' id='word_1_79' title='bbox 722 1323 905 1394; x_wconf 86' lang='lat' dir='ltr'>deflectere.</span> <span class='ocrx_word' id='word_1_80' title='bbox 936 1325 1048 1410; x_wconf 85' lang='lat' dir='ltr'>Itaque</span> <span class='ocrx_word' id='word_1_81' title='bbox 1070 1327 1098 1390; x_wconf 85' lang='lat' dir='ltr'>si</span> <span class='ocrx_word' id='word_1_82' title='bbox 1121 1327 1205 1390; x_wconf 80' lang='lat' dir='ltr'>ciun-</span> 
     </span>
     <span class='ocr_line' id='line_1_11' title="bbox 60 1422 1205 1510; baseline 0.003 -24"><span class='ocrx_word' id='word_1_83' title='bbox 60 1422 153 1486; x_wconf 80' lang='lat' dir='ltr'>mcci</span> <span class='ocrx_word' id='word_1_84' title='bbox 183 1423 382 1507; x_wconf 75' lang='lat' dir='ltr'>prodigium</span> <span class='ocrx_word' id='word_1_85' title='bbox 411 1437 444 1490; x_wconf 86' lang='lat' dir='ltr'>et</span> <span class='ocrx_word' id='word_1_86' title='bbox 464 1426 526 1510; x_wconf 83' lang='lat' dir='ltr'>ipsi</span> <span class='ocrx_word' id='word_1_87' title='bbox 549 1426 694 1510; x_wconf 79' lang='lat' dir='ltr'>proferre</span> <span class='ocrx_word' id='word_1_88' title='bbox 714 1429 747 1492; x_wconf 88' lang='lat' dir='ltr'>in</span> <span class='ocrx_word' id='word_1_89' title='bbox 771 1427 881 1492; x_wconf 87' lang='lat' dir='ltr'>animo</span> <span class='ocrx_word' id='word_1_90' title='bbox 902 1430 983 1506; x_wconf 82' lang='lat' dir='ltr'>erat,</span> <span class='ocrx_word' id='word_1_91' title='bbox 1006 1428 1114 1492; x_wconf 77' lang='lat' dir='ltr'>nullus</span> <span class='ocrx_word' id='word_1_92' title='bbox 1137 1447 1205 1491; x_wconf 83' lang='lat' dir='ltr'>car·</span> 
     </span>
     <span class='ocr_line' id='line_1_12' title="bbox 63 1522 1205 1613; baseline 0.007 -28"><span class='ocrx_word' id='word_1_93' title='bbox 63 1522 163 1589; x_wconf 80' lang='lat' dir='ltr'>minis</span> <span class='ocrx_word' id='word_1_94' title='bbox 179 1526 296 1606; x_wconf 83' lang='lat' dir='ltr'>iocus,</span> <span class='ocrx_word' id='word_1_95' title='bbox 316 1527 367 1591; x_wconf 91' lang='lat' dir='ltr'>cui</span> <span class='ocrx_word' id='word_1_96' title='bbox 383 1527 490 1610; x_wconf 85' lang='lat' dir='ltr'>aptius</span> <span class='ocrx_word' id='word_1_97' title='bbox 506 1529 712 1610; x_wconf 74' lang='lat' dir='ltr'>incurreretur,</span> <span class='ocrx_word' id='word_1_98' title='bbox 728 1530 865 1596; x_wconf 82' lang='lat' dir='ltr'>inveniri</span> <span class='ocrx_word' id='word_1_99' title='bbox 882 1529 994 1613; x_wconf 87' lang='lat' dir='ltr'>potuit,</span> <span class='ocrx_word' id='word_1_100' title='bbox 1016 1547 1113 1612; x_wconf 86' lang='lat' dir='ltr'>quam</span> <span class='ocrx_word' id='word_1_101' title='bbox 1128 1536 1205 1594; x_wconf 88' lang='lat' dir='ltr'>tem·</span> 
     </span>
     <span class='ocr_line' id='line_1_13' title="bbox 63 1629 1207 1713; baseline 0.006 -24"><span class='ocrx_word' id='word_1_102' title='bbox 63 1643 126 1706; x_wconf 76' lang='lat' dir='ltr'>pne</span> <span class='ocrx_word' id='word_1_103' title='bbox 156 1643 318 1710; x_wconf 77' lang='lat' dir='ltr'>pugnam</span> <span class='ocrx_word' id='word_1_104' title='bbox 340 1629 548 1695; x_wconf 72' lang='lat' dir='ltr'>&#39;ficinensem</span> <span class='ocrx_word' id='word_1_105' title='bbox 577 1630 788 1713; x_wconf 78' lang='lat' dir='ltr'>praecedens.</span> <span class='ocrx_word' id='word_1_106' title='bbox 831 1631 916 1711; x_wconf 81' lang='lat' dir='ltr'>Quia</span> <span class='ocrx_word' id='word_1_107' title='bbox 945 1650 1021 1696; x_wconf 87' lang='lat' dir='ltr'>vero</span> <span class='ocrx_word' id='word_1_108' title='bbox 1051 1643 1207 1696; x_wconf 87' lang='lat' dir='ltr'>enatura</span> 
     </span>
     <span class='ocr_line' id='line_1_14' title="bbox 64 1726 1206 1816; baseline 0.01 -29"><span class='ocrx_word' id='word_1_109' title='bbox 64 1726 112 1789; x_wconf 87' lang='lat' dir='ltr'>rei</span> <span class='ocrx_word' id='word_1_110' title='bbox 133 1726 278 1794; x_wconf 75' lang='lat' dir='ltr'>Livium</span> <span class='ocrx_word' id='word_1_111' title='bbox 311 1729 417 1814; x_wconf 82' lang='lat' dir='ltr'>ipsum</span> <span class='ocrx_word' id='word_1_112' title='bbox 446 1732 599 1797; x_wconf 82' lang='lat' dir='ltr'>adhibere</span> <span class='ocrx_word' id='word_1_113' title='bbox 622 1751 684 1796; x_wconf 88' lang='lat' dir='ltr'>non</span> <span class='ocrx_word' id='word_1_114' title='bbox 708 1735 820 1816; x_wconf 88' lang='lat' dir='ltr'>potnit,</span> <span class='ocrx_word' id='word_1_115' title='bbox 854 1733 894 1798; x_wconf 91' lang='lat' dir='ltr'>de</span> <span class='ocrx_word' id='word_1_116' title='bbox 924 1751 982 1799; x_wconf 83' lang='lat' dir='ltr'>nuo</span> <span class='ocrx_word' id='word_1_117' title='bbox 1003 1733 1096 1797; x_wconf 80' lang='lat' dir='ltr'>tinxit</span> <span class='ocrx_word' id='word_1_118' title='bbox 1119 1752 1206 1798; x_wconf 88' lang='lat' dir='ltr'>mon·</span> 
     </span>
     <span class='ocr_line' id='line_1_15' title="bbox 68 1831 1205 1918; baseline 0.007 -28"><span class='ocrx_word' id='word_1_119' title='bbox 68 1837 178 1897; x_wconf 78' lang='lat' dir='ltr'>etrum.</span> <span class='ocrx_word' id='word_1_120' title='bbox 226 1831 283 1895; x_wconf 70' lang='lat' dir='ltr'>Et</span> <span class='ocrx_word' id='word_1_121' title='bbox 314 1831 460 1915; x_wconf 83' lang='lat' dir='ltr'>proiectu</span> <span class='ocrx_word' id='word_1_122' title='bbox 493 1834 538 1897; x_wconf 91' lang='lat' dir='ltr'>nil</span> <span class='ocrx_word' id='word_1_123' title='bbox 561 1843 612 1898; x_wconf 82' lang='lat' dir='ltr'>cst</span> <span class='ocrx_word' id='word_1_124' title='bbox 638 1835 670 1898; x_wconf 90' lang='lat' dir='ltr'>in</span> <span class='ocrx_word' id='word_1_125' title='bbox 701 1843 769 1899; x_wconf 79' lang='lat' dir='ltr'>tcta</span> <span class='ocrx_word' id='word_1_126' title='bbox 797 1853 841 1906; x_wconf 87' lang='lat' dir='ltr'>rc,</span> <span class='ocrx_word' id='word_1_127' title='bbox 870 1834 954 1917; x_wconf 88' lang='lat' dir='ltr'>quod</span> <span class='ocrx_word' id='word_1_128' title='bbox 978 1853 1041 1898; x_wconf 89' lang='lat' dir='ltr'>uon</span> <span class='ocrx_word' id='word_1_129' title='bbox 1064 1836 1205 1918; x_wconf 83' lang='lat' dir='ltr'>speciem</span> 
     </span>
     <span class='ocr_line' id='line_1_16' title="bbox 71 1930 1206 2018; baseline 0.006 -25"><span class='ocrx_word' id='word_1_130' title='bbox 71 1930 146 1994; x_wconf 77' lang='lat' dir='ltr'>vani</span> <span class='ocrx_word' id='word_1_131' title='bbox 167 1933 357 2000; x_wconf 81' lang='lat' dir='ltr'>commenti</span> <span class='ocrx_word' id='word_1_132' title='bbox 378 1953 457 2018; x_wconf 85' lang='lat' dir='ltr'>prae</span> <span class='ocrx_word' id='word_1_133' title='bbox 478 1953 513 2000; x_wconf 89' lang='lat' dir='ltr'>ne</span> <span class='ocrx_word' id='word_1_134' title='bbox 534 1934 628 2001; x_wconf 86' lang='lat' dir='ltr'>ierat.</span> <span class='ocrx_word' id='word_1_135' title='bbox 672 1935 821 2002; x_wconf 84' lang='lat' dir='ltr'>Sedecim</span> <span class='ocrx_word' id='word_1_136' title='bbox 844 1935 930 2000; x_wconf 89' lang='lat' dir='ltr'>euim</span> <span class='ocrx_word' id='word_1_137' title='bbox 952 1935 1029 1999; x_wconf 88' lang='lat' dir='ltr'>illae</span> <span class='ocrx_word' id='word_1_138' title='bbox 1048 1937 1206 2011; x_wconf 83' lang='lat' dir='ltr'>volucres,</span> 
     </span>
     <span class='ocr_line' id='line_1_17' title="bbox 78 2025 1205 2118; baseline 0.006 -24"><span class='ocrx_word' id='word_1_139' title='bbox 78 2025 231 2114; x_wconf 77' lang='lat' dir='ltr'>equiturn</span> <span class='ocrx_word' id='word_1_140' title='bbox 256 2055 327 2100; x_wconf 85' lang='lat' dir='ltr'>una</span> <span class='ocrx_word' id='word_1_141' title='bbox 348 2037 401 2102; x_wconf 83' lang='lat' dir='ltr'>vix</span> <span class='ocrx_word' id='word_1_142' title='bbox 427 2045 581 2116; x_wconf 85' lang='lat' dir='ltr'>servatur,</span> <span class='ocrx_word' id='word_1_143' title='bbox 602 2037 697 2103; x_wconf 79' lang='lat' dir='ltr'>facite</span> <span class='ocrx_word' id='word_1_144' title='bbox 719 2036 795 2102; x_wconf 82' lang='lat' dir='ltr'>inde</span> <span class='ocrx_word' id='word_1_145' title='bbox 817 2037 985 2102; x_wconf 76' lang='lat' dir='ltr'>deeumtae</span> <span class='ocrx_word' id='word_1_146' title='bbox 1006 2046 1090 2112; x_wconf 80' lang='lat' dir='ltr'>sunt,</span> <span class='ocrx_word' id='word_1_147' title='bbox 1120 2037 1205 2118; x_wconf 84' lang='lat' dir='ltr'>qued</span> 
     </span>
     <span class='ocr_line' id='line_1_18' title="bbox 79 2136 1204 2222; baseline 0.004 -25"><span class='ocrx_word' id='word_1_148' title='bbox 79 2141 165 2200; x_wconf 79' lang='lat' dir='ltr'>sexte</span> <span class='ocrx_word' id='word_1_149' title='bbox 186 2136 324 2209; x_wconf 79' lang='lat' dir='ltr'>decimu</span> <span class='ocrx_word' id='word_1_150' title='bbox 346 2157 442 2220; x_wconf 86' lang='lat' dir='ltr'>annu,</span> <span class='ocrx_word' id='word_1_151' title='bbox 465 2149 634 2222; x_wconf 82' lang='lat' dir='ltr'>postquam</span> <span class='ocrx_word' id='word_1_152' title='bbox 656 2139 689 2202; x_wconf 91' lang='lat' dir='ltr'>in</span> <span class='ocrx_word' id='word_1_153' title='bbox 713 2139 837 2204; x_wconf 86' lang='lat' dir='ltr'>ltaliam</span> <span class='ocrx_word' id='word_1_154' title='bbox 860 2137 990 2216; x_wconf 77' lang='lat' dir='ltr'>inuasit,</span> <span class='ocrx_word' id='word_1_155' title='bbox 1011 2138 1142 2204; x_wconf 81' lang='lat' dir='ltr'>curuum</span> <span class='ocrx_word' id='word_1_156' title='bbox 1156 2157 1204 2202; x_wconf 87' lang='lat' dir='ltr'>rc-</span> 
     </span>
     <span class='ocr_line' id='line_1_19' title="bbox 81 2239 1206 2325; baseline 0.004 -28"><span class='ocrx_word' id='word_1_157' title='bbox 81 2253 187 2303; x_wconf 83' lang='lat' dir='ltr'>versuu</span> <span class='ocrx_word' id='word_1_158' title='bbox 210 2239 422 2322; x_wconf 82' lang='lat' dir='ltr'>Hannibal,¹)</span> <span class='ocrx_word' id='word_1_159' title='bbox 446 2248 479 2305; x_wconf 90' lang='lat' dir='ltr'>nt</span> <span class='ocrx_word' id='word_1_160' title='bbox 500 2240 656 2325; x_wconf 82' lang='lat' dir='ltr'>accipiter</span> <span class='ocrx_word' id='word_1_161' title='bbox 677 2239 733 2305; x_wconf 91' lang='lat' dir='ltr'>ille</span> <span class='ocrx_word' id='word_1_162' title='bbox 753 2239 900 2306; x_wconf 85' lang='lat' dir='ltr'>ultimam</span> <span class='ocrx_word' id='word_1_163' title='bbox 923 2259 1017 2304; x_wconf 88' lang='lat' dir='ltr'>avem</span> <span class='ocrx_word' id='word_1_164' title='bbox 1040 2257 1137 2324; x_wconf 83' lang='lat' dir='ltr'>augre</span> <span class='ocrx_word' id='word_1_165' title='bbox 1160 2240 1206 2303; x_wconf 84' lang='lat' dir='ltr'>ui·</span> 
     </span>
     <span class='ocr_line' id='line_1_20' title="bbox 76 2337 1207 2422; baseline 0.004 -21"><span class='ocrx_word' id='word_1_166' title='bbox 76 2337 203 2404; x_wconf 82' lang='lat' dir='ltr'>mittere</span> <span class='ocrx_word' id='word_1_167' title='bbox 228 2349 367 2406; x_wconf 76' lang='lat' dir='ltr'>coactns</span> <span class='ocrx_word' id='word_1_168' title='bbox 387 2351 447 2422; x_wconf 80' lang='lat' dir='ltr'>est,</span> <span class='ocrx_word' id='word_1_169' title='bbox 470 2342 519 2407; x_wconf 81' lang='lat' dir='ltr'>uic</span> <span class='ocrx_word' id='word_1_170' title='bbox 539 2341 685 2407; x_wconf 87' lang='lat' dir='ltr'>ultimum</span> <span class='ocrx_word' id='word_1_171' title='bbox 709 2361 828 2407; x_wconf 87' lang='lat' dir='ltr'>aunum</span> <span class='ocrx_word' id='word_1_172' title='bbox 853 2341 1001 2408; x_wconf 81' lang='lat' dir='ltr'>bellando</span> <span class='ocrx_word' id='word_1_173' title='bbox 1034 2340 1066 2404; x_wconf 90' lang='lat' dir='ltr'>in</span> <span class='ocrx_word' id='word_1_174' title='bbox 1090 2340 1207 2406; x_wconf 83' lang='lat' dir='ltr'>finibus</span> 
     </span>
     <span class='ocr_line' id='line_1_21' title="bbox 79 2435 1208 2529; baseline -0.004 -16"><span class='ocrx_word' id='word_1_175' title='bbox 79 2435 216 2513; x_wconf 60' lang='lat' dir='ltr'>huetium</span> <span class='ocrx_word' id='word_1_176' title='bbox 256 2461 322 2506; x_wconf 86' lang='lat' dir='ltr'>non</span> <span class='ocrx_word' id='word_1_177' title='bbox 352 2446 534 2528; x_wconf 76' lang='lat' dir='ltr'>cumplevit.</span> <span class='ocrx_word' id='word_1_178' title='bbox 579 2446 684 2529; x_wconf 82' lang='lat' dir='ltr'>Atque</span> <span class='ocrx_word' id='word_1_179' title='bbox 710 2463 806 2509; x_wconf 85' lang='lat' dir='ltr'>unam</span> <span class='ocrx_word' id='word_1_180' title='bbox 836 2443 963 2526; x_wconf 76' lang='lat' dir='ltr'>quictem</span> <span class='ocrx_word' id='word_1_181' title='bbox 987 2443 1208 2508; x_wconf 70' lang='lat' dir='ltr'>columbane</span> 
     </span>
     <span class='ocr_line' id='line_1_22' title="bbox 78 2541 1208 2629; baseline 0.005 -25"><span class='ocrx_word' id='word_1_182' title='bbox 78 2541 225 2621; x_wconf 76' lang='lat' dir='ltr'>periculo</span> <span class='ocrx_word' id='word_1_183' title='bbox 263 2544 345 2627; x_wconf 80' lang='lat' dir='ltr'>cripi</span> <span class='ocrx_word' id='word_1_184' title='bbox 378 2565 514 2612; x_wconf 72' lang='lat' dir='ltr'>neeesse</span> <span class='ocrx_word' id='word_1_185' title='bbox 544 2557 623 2625; x_wconf 77' lang='lat' dir='ltr'>erat,</span> <span class='ocrx_word' id='word_1_186' title='bbox 658 2555 693 2610; x_wconf 87' lang='lat' dir='ltr'>ut</span> <span class='ocrx_word' id='word_1_187' title='bbox 719 2544 829 2629; x_wconf 83' lang='lat' dir='ltr'>aquila</span> <span class='ocrx_word' id='word_1_188' title='bbox 854 2563 953 2628; x_wconf 87' lang='lat' dir='ltr'>cpem</span> <span class='ocrx_word' id='word_1_189' title='bbox 976 2543 1060 2612; x_wconf 78' lang='lat' dir='ltr'>ferre</span> <span class='ocrx_word' id='word_1_190' title='bbox 1083 2553 1208 2629; x_wconf 77' lang='lat' dir='ltr'>poecet3</span> 
     </span>
     <span class='ocr_line' id='line_1_23' title="bbox 81 2642 1207 2730; baseline 0.005 -24"><span class='ocrx_word' id='word_1_191' title='bbox 81 2642 136 2706; x_wconf 80' lang='lat' dir='ltr'>ueri</span> <span class='ocrx_word' id='word_1_192' title='bbox 157 2645 347 2730; x_wconf 71' lang='lat' dir='ltr'>simplicem</span> <span class='ocrx_word' id='word_1_193' title='bbox 369 2667 539 2714; x_wconf 80' lang='lat' dir='ltr'>numerum</span> <span class='ocrx_word' id='word_1_194' title='bbox 560 2645 958 2728; x_wconf 76' lang='lat' dir='ltr'>,redecim’,v01qu0u</span> <span class='ocrx_word' id='word_1_195' title='bbox 981 2647 1085 2712; x_wconf 80' lang='lat' dir='ltr'>unium</span> <span class='ocrx_word' id='word_1_196' title='bbox 1106 2656 1207 2712; x_wconf 78' lang='lat' dir='ltr'>reata-</span> 
     </span>
     <span class='ocr_line' id='line_1_24' title="bbox 82 2739 1208 2830; baseline -0.001 -18"><span class='ocrx_word' id='word_1_197' title='bbox 82 2743 143 2828; x_wconf 58' lang='grc' dir='ltr'>Μ,</span> <span class='ocrx_word' id='word_1_198' title='bbox 155 2767 233 2812; x_wconf 84' lang='lat' dir='ltr'>eum</span> <span class='ocrx_word' id='word_1_199' title='bbox 245 2749 352 2813; x_wconf 69' lang='lat' dir='ltr'>verani</span> <span class='ocrx_word' id='word_1_200' title='bbox 366 2749 427 2818; x_wconf 76' lang='lat'>122</span> <span class='ocrx_word' id='word_1_201' title='bbox 441 2750 517 2828; x_wconf 81' lang='lat' dir='ltr'>,bie</span> <span class='ocrx_word' id='word_1_202' title='bbox 532 2760 697 2816; x_wconf 80' lang='lat' dir='ltr'>octenos</span> <span class='ocrx_word' id='word_1_203' title='bbox 710 2801 732 2814; x_wconf 90' lang='lat'>..</span> <span class='ocrx_word' id='word_1_204' title='bbox 747 2748 861 2812; x_wconf 85' lang='lat' dir='ltr'>auncs&#39;</span> <span class='ocrx_word' id='word_1_205' title='bbox 875 2747 1057 2830; x_wconf 65' lang='lat' dir='ltr'>inunxerit,</span> <span class='ocrx_word' id='word_1_206' title='bbox 1073 2739 1208 2830; x_wconf 72' lang='lat' dir='ltr'>,puat-</span> 
     </span>
     <span class='ocr_line' id='line_1_25' title="bbox 84 2849 1208 2936; baseline 0.005 -28"><span class='ocrx_word' id='word_1_207' title='bbox 84 2851 166 2914; x_wconf 85' lang='lat' dir='ltr'>tuur</span> <span class='ocrx_word' id='word_1_208' title='bbox 188 2851 353 2936; x_wconf 79' lang='lat' dir='ltr'>quancu’</span> <span class='ocrx_word' id='word_1_209' title='bbox 374 2851 474 2916; x_wconf 79' lang='lat' dir='ltr'>siniti</span> <span class='ocrx_word' id='word_1_210' title='bbox 488 2871 589 2918; x_wconf 80' lang='lat' dir='ltr'>causa</span> <span class='ocrx_word' id='word_1_211' title='bbox 612 2873 650 2917; x_wconf 88' lang='lat' dir='ltr'>ae</span> <span class='ocrx_word' id='word_1_212' title='bbox 665 2869 762 2935; x_wconf 79' lang='lat' dir='ltr'>cupra</span> <span class='ocrx_word' id='word_1_213' title='bbox 777 2857 837 2928; x_wconf 83' lang='lat' dir='ltr'>,ter</span> <span class='ocrx_word' id='word_1_214' title='bbox 852 2859 961 2914; x_wconf 74' lang='lat' dir='ltr'>trunca</span> <span class='ocrx_word' id='word_1_215' title='bbox 974 2849 1071 2915; x_wconf 80' lang='lat' dir='ltr'>sciea&#39;</span> <span class='ocrx_word' id='word_1_216' title='bbox 1089 2854 1135 2933; x_wconf 87' lang='lat' dir='ltr'>(p.</span> <span class='ocrx_word' id='word_1_217' title='bbox 1151 2849 1208 2933; x_wconf 77' lang='lat'>74)</span> 
     </span>
     <span class='ocr_line' id='line_1_26' title="bbox 84 2947 1209 3036; baseline 0.002 -22"><span class='ocrx_word' id='word_1_218' title='bbox 84 2947 208 3018; x_wconf 76' lang='lat' dir='ltr'>enitere</span> <span class='ocrx_word' id='word_1_219' title='bbox 231 2952 360 3018; x_wconf 76' lang='lat' dir='ltr'>videtne</span> <span class='ocrx_word' id='word_1_220' title='bbox 381 2952 539 3034; x_wconf 79' lang='lat' dir='ltr'>noluisse,</span> <span class='ocrx_word' id='word_1_221' title='bbox 567 2953 717 3036; x_wconf 74' lang='lat' dir='ltr'>quamvis</span> <span class='ocrx_word' id='word_1_222' title='bbox 740 2949 923 3016; x_wconf 84' lang='lat' dir='ltr'>rotundiore</span> <span class='ocrx_word' id='word_1_223' title='bbox 944 2969 1077 3020; x_wconf 84' lang='lat' dir='ltr'>numcrc</span> <span class='ocrx_word' id='word_1_224' title='bbox 1099 2952 1209 3020; x_wconf 77' lang='lat' dir='ltr'>dicare</span> 
     </span>
     <span class='ocr_line' id='line_1_27' title="bbox 85 3051 1208 3140; baseline -0.002 -18"><span class='ocrx_word' id='word_1_225' title='bbox 85 3051 311 3128; x_wconf 68' lang='lat' dir='ltr'>‚Hannibalem</span> <span class='ocrx_word' id='word_1_226' title='bbox 340 3075 396 3140; x_wconf 88' lang='lat' dir='ltr'>per</span> <span class='ocrx_word' id='word_1_227' title='bbox 421 3055 566 3121; x_wconf 75' lang='lat' dir='ltr'>eeuecim</span> <span class='ocrx_word' id='word_1_228' title='bbox 589 3073 693 3120; x_wconf 77' lang='lat' dir='ltr'>annua</span> <span class='ocrx_word' id='word_1_229' title='bbox 716 3054 838 3119; x_wconf 80' lang='lat' dir='ltr'>italiam</span> <span class='ocrx_word' id='word_1_230' title='bbox 862 3054 1053 3119; x_wconf 66' lang='lat' dir='ltr'>nutavisrn&#39;</span> <span class='ocrx_word' id='word_1_231' title='bbox 1075 3075 1095 3120; x_wconf 92' lang='lat' dir='ltr'>e</span> <span class='ocrx_word' id='word_1_232' title='bbox 1118 3054 1208 3135; x_wconf 83' lang='lat' dir='ltr'>icuir,</span> 
     </span>
     <span class='ocr_line' id='line_1_28' title="bbox 87 3155 1211 3243; baseline 0.001 -24"><span class='ocrx_word' id='word_1_233' title='bbox 87 3156 199 3233; x_wconf 71' lang='lat' dir='ltr'>qnare·</span> <span class='ocrx_word' id='word_1_234' title='bbox 221 3164 298 3222; x_wconf 86' lang='lat' dir='ltr'>eunt</span> <span class='ocrx_word' id='word_1_235' title='bbox 319 3160 401 3243; x_wconf 77' lang='lat' dir='ltr'>App.</span> <span class='ocrx_word' id='word_1_236' title='bbox 425 3159 530 3225; x_wconf 79' lang='lat' dir='ltr'>Haec.</span> <span class='ocrx_word' id='word_1_237' title='bbox 555 3180 580 3223; x_wconf 64' lang='lat' dir='ltr'>uv</span> <span class='ocrx_word' id='word_1_238' title='bbox 606 3159 648 3224; x_wconf 88' lang='grc'>60</span> <span class='ocrx_word' id='word_1_239' title='bbox 668 3155 886 3240; x_wconf 71' lang='lat' dir='ltr'>enhippen,</span> <span class='ocrx_word' id='word_1_240' title='bbox 919 3155 1084 3238; x_wconf 72' lang='lat' dir='ltr'>vulgariae</span> <span class='ocrx_word' id='word_1_241' title='bbox 1107 3157 1211 3221; x_wconf 72' lang='lat' dir='ltr'>tutore</span> 
     </span>
     <span class='ocr_line' id='line_1_29' title="bbox 89 3253 1210 3344; baseline 0.005 -28"><span class='ocrx_word' id='word_1_242' title='bbox 89 3253 254 3326; x_wconf 79' lang='lat' dir='ltr'>videamus</span> <span class='ocrx_word' id='word_1_243' title='bbox 286 3268 319 3322; x_wconf 81' lang='lat' dir='ltr'>et</span> <span class='ocrx_word' id='word_1_244' title='bbox 351 3260 406 3340; x_wconf 70' lang='lat' dir='ltr'>ita,</span> <span class='ocrx_word' id='word_1_245' title='bbox 439 3269 474 3324; x_wconf 90' lang='lat' dir='ltr'>nt</span> <span class='ocrx_word' id='word_1_246' title='bbox 508 3260 681 3344; x_wconf 70' lang='lat' dir='ltr'>Eutropius</span> <span class='ocrx_word' id='word_1_247' title='bbox 704 3259 760 3335; x_wconf 86' lang='lat' dir='ltr'>iii,</span> <span class='ocrx_word' id='word_1_248' title='bbox 783 3258 821 3323; x_wconf 78' lang='lat' dir='ltr'>ur</span> <span class='ocrx_word' id='word_1_249' title='bbox 860 3257 978 3341; x_wconf 78' lang='lat' dir='ltr'>Drcyn.</span> <span class='ocrx_word' id='word_1_250' title='bbox 1009 3259 1114 3322; x_wconf 84' lang='lat' dir='ltr'>tradat</span> <span class='ocrx_word' id='word_1_251' title='bbox 1147 3259 1210 3336; x_wconf 74' lang='lat' dir='ltr'>,Itu</span> 
     </span>
     <span class='ocr_line' id='line_1_30' title="bbox 90 3356 1208 3444; baseline -0.001 -22"><span class='ocrx_word' id='word_1_252' title='bbox 90 3375 172 3426; x_wconf 67' lang='lat' dir='ltr'>autc</span> <span class='ocrx_word' id='word_1_253' title='bbox 206 3362 387 3444; x_wconf 74' lang='lat' dir='ltr'>septime</span> <span class='ocrx_word' id='word_1_254' title='bbox 420 3362 543 3426; x_wconf 78' lang='lat' dir='ltr'>decimo</span> <span class='ocrx_word' id='word_1_255' title='bbox 573 3363 614 3426; x_wconf 77' lang='lat' dir='ltr'>ui</span> <span class='ocrx_word' id='word_1_256' title='bbox 645 3360 826 3430; x_wconf 73' lang='lat' dir='ltr'>Hannibale</span> <span class='ocrx_word' id='word_1_257' title='bbox 849 3359 946 3427; x_wconf 84' lang='lat' dir='ltr'>Italia</span> <span class='ocrx_word' id='word_1_258' title='bbox 979 3359 1114 3423; x_wconf 77' lang='lat' dir='ltr'>liberata</span> <span class='ocrx_word' id='word_1_259' title='bbox 1143 3356 1208 3422; x_wconf 80' lang='lat' dir='ltr'>ent’.</span> 
     </span>
    </p>

    <p class='ocr_par' dir='ltr' id='par_1_3' title="bbox 90 3457 1209 3540">
     <span class='ocr_line' id='line_1_31' title="bbox 90 3457 1209 3540; baseline 0.001 -15"><span class='ocrx_word' id='word_1_260' title='bbox 90 3457 131 3525; x_wconf 78' lang='lat' dir='ltr'>Et</span> <span class='ocrx_word' id='word_1_261' title='bbox 162 3464 368 3531; x_wconf 65' lang='lat' dir='ltr'>cucumare</span> <span class='ocrx_word' id='word_1_262' title='bbox 396 3463 477 3526; x_wconf 84' lang='lat' dir='ltr'>haee</span> <span class='ocrx_word' id='word_1_263' title='bbox 508 3463 690 3528; x_wconf 72' lang='lat' dir='ltr'>observatio</span> <span class='ocrx_word' id='word_1_264' title='bbox 715 3463 862 3530; x_wconf 67' lang='lat' dir='ltr'>ruribus</span> <span class='ocrx_word' id='word_1_265' title='bbox 884 3459 986 3540; x_wconf 78' lang='lat' dir='ltr'>XVII,</span> <span class='ocrx_word' id='word_1_266' title='bbox 1007 3461 1070 3526; x_wconf 76' lang='grc'>382</span> <span class='ocrx_word' id='word_1_267' title='bbox 1092 3469 1125 3523; x_wconf 82' lang='lat' dir='ltr'>et</span> <span class='ocrx_word' id='word_1_268' title='bbox 1144 3460 1209 3526; x_wconf 71' lang='lat' dir='ltr'>act</span> 
     </span>
    </p>

    <p class='ocr_par' dir='ltr' id='par_1_4' title="bbox 91 3559 1209 3649">
     <span class='ocr_line' id='line_1_32' title="bbox 91 3559 1209 3649; baseline -0.004 -20"><span class='ocrx_word' id='word_1_269' title='bbox 91 3559 172 3629; x_wconf 77' lang='lat' dir='ltr'>iuter</span> <span class='ocrx_word' id='word_1_270' title='bbox 205 3585 241 3632; x_wconf 83' lang='lat' dir='ltr'>ee</span> <span class='ocrx_word' id='word_1_271' title='bbox 274 3565 481 3649; x_wconf 73' lang='lat' dir='ltr'>compararis,</span> <span class='ocrx_word' id='word_1_272' title='bbox 519 3583 651 3647; x_wconf 79' lang='lat' dir='ltr'>quoram</span> <span class='ocrx_word' id='word_1_273' title='bbox 683 3564 793 3648; x_wconf 85' lang='lat' dir='ltr'>priore</span> <span class='ocrx_word' id='word_1_274' title='bbox 818 3581 890 3628; x_wconf 88' lang='lat' dir='ltr'>cum</span> <span class='ocrx_word' id='word_1_275' title='bbox 921 3561 1087 3627; x_wconf 74' lang='lat' dir='ltr'>varietatis</span> <span class='ocrx_word' id='word_1_276' title='bbox 1109 3579 1209 3625; x_wconf 81' lang='lat' dir='ltr'>canna</span> 
     </span>
    </p>

    <p class='ocr_par' dir='ltr' id='par_1_5' title="bbox 92 3655 1208 3746">
     <span class='ocr_line' id='line_1_33' title="bbox 92 3655 1208 3746; baseline -0.004 -18"><span class='ocrx_word' id='word_1_277' title='bbox 92 3678 174 3744; x_wconf 85' lang='lat' dir='ltr'>,pust</span> <span class='ocrx_word' id='word_1_278' title='bbox 198 3655 283 3732; x_wconf 83' lang='lat' dir='ltr'>trina</span> <span class='ocrx_word' id='word_1_279' title='bbox 306 3666 415 3731; x_wconf 84' lang='lat' dir='ltr'>iustra⁷</span> <span class='ocrx_word' id='word_1_280' title='bbox 437 3666 579 3731; x_wconf 83' lang='lat' dir='ltr'>sedecim</span> <span class='ocrx_word' id='word_1_281' title='bbox 602 3684 756 3730; x_wconf 89' lang='lat' dir='ltr'>annorum</span> <span class='ocrx_word' id='word_1_282' title='bbox 780 3667 851 3729; x_wconf 85' lang='lat' dir='ltr'>vice</span> <span class='ocrx_word' id='word_1_283' title='bbox 873 3670 970 3746; x_wconf 87' lang='lat' dir='ltr'>poeta</span> <span class='ocrx_word' id='word_1_284' title='bbox 991 3664 1086 3737; x_wconf 87' lang='lat' dir='ltr'>dicat,</span> <span class='ocrx_word' id='word_1_285' title='bbox 1113 3682 1208 3728; x_wconf 83' lang='lat' dir='ltr'>sono.-</span> 
     </span>
    </p>

    <p class='ocr_par' dir='ltr' id='par_1_6' title="bbox 94 3764 1208 3854">
     <span class='ocr_line' id='line_1_34' title="bbox 94 3764 1208 3854; baseline 0.004 -30"><span class='ocrx_word' id='word_1_286' title='bbox 94 3764 154 3830; x_wconf 84' lang='lat' dir='ltr'>rior</span> <span class='ocrx_word' id='word_1_287' title='bbox 182 3789 276 3854; x_wconf 88' lang='lat' dir='ltr'>quam</span> <span class='ocrx_word' id='word_1_288' title='bbox 305 3768 483 3833; x_wconf 82' lang='lat' dir='ltr'>accuratior</span> <span class='ocrx_word' id='word_1_289' title='bbox 512 3786 585 3834; x_wconf 84' lang='lat' dir='ltr'>esse</span> <span class='ocrx_word' id='word_1_290' title='bbox 612 3766 733 3837; x_wconf 86' lang='lat' dir='ltr'>maluit</span> <span class='ocrx_word' id='word_1_291' title='bbox 779 3764 870 3848; x_wconf 78' lang='lat' dir='ltr'>Quod</span> <span class='ocrx_word' id='word_1_292' title='bbox 890 3784 968 3830; x_wconf 86' lang='lat' dir='ltr'>vero</span> <span class='ocrx_word' id='word_1_293' title='bbox 990 3764 1032 3830; x_wconf 84' lang='lat' dir='ltr'>ad</span> <span class='ocrx_word' id='word_1_294' title='bbox 1055 3765 1208 3848; x_wconf 81' lang='lat' dir='ltr'>aquilam,</span> 
     </span>
    </p>

    <p class='ocr_par' dir='ltr' id='par_1_7' title="bbox 95 3867 1209 3962">
     <span class='ocr_line' id='line_1_35' title="bbox 95 3867 1209 3962; baseline 0.005 -32"><span class='ocrx_word' id='word_1_295' title='bbox 95 3881 172 3948; x_wconf 87' lang='lat' dir='ltr'>quae</span> <span class='ocrx_word' id='word_1_296' title='bbox 199 3869 274 3939; x_wconf 76' lang='lat' dir='ltr'>avia.</span> <span class='ocrx_word' id='word_1_297' title='bbox 294 3869 369 3936; x_wconf 77' lang='lat' dir='ltr'>invi</span> <span class='ocrx_word' id='word_1_298' title='bbox 390 3890 484 3962; x_wconf 77' lang='lat' dir='ltr'>sacru</span> <span class='ocrx_word' id='word_1_299' title='bbox 507 3868 650 3956; x_wconf 83' lang='lat' dir='ltr'>Scipioni</span> <span class='ocrx_word' id='word_1_300' title='bbox 672 3867 874 3938; x_wconf 79' lang='lat' dir='ltr'>adolescenti</span> <span class='ocrx_word' id='word_1_301' title='bbox 897 3867 1004 3936; x_wconf 81' lang='lat' dir='ltr'>fausto</span> <span class='ocrx_word' id='word_1_302' title='bbox 1026 3867 1126 3937; x_wconf 83' lang='lat' dir='ltr'>omini</span> <span class='ocrx_word' id='word_1_303' title='bbox 1149 3876 1209 3946; x_wconf 81' lang='lat' dir='ltr'>eut,</span> 
     </span>
    </p>

    <p class='ocr_par' dir='ltr' id='par_1_8' title="bbox 97 3966 1208 4054">
     <span class='ocr_line' id='line_1_36' title="bbox 97 3966 1208 4054; baseline 0.005 -25"><span class='ocrx_word' id='word_1_304' title='bbox 97 3969 215 4050; x_wconf 83' lang='lat' dir='ltr'>attinet,</span> <span class='ocrx_word' id='word_1_305' title='bbox 239 3973 289 4037; x_wconf 87' lang='lat' dir='ltr'>cui</span> <span class='ocrx_word' id='word_1_306' title='bbox 311 3972 390 4052; x_wconf 80' lang='lat' dir='ltr'>hauc</span> <span class='ocrx_word' id='word_1_307' title='bbox 404 3972 490 4042; x_wconf 75' lang='lat' dir='ltr'>fictio</span> <span class='ocrx_word' id='word_1_308' title='bbox 514 3971 595 4048; x_wconf 74' lang='lat' dir='ltr'>mira</span> <span class='ocrx_word' id='word_1_309' title='bbox 614 3969 716 4038; x_wconf 82' lang='lat' dir='ltr'>videri</span> <span class='ocrx_word' id='word_1_310' title='bbox 732 3977 849 4054; x_wconf 79' lang='lat' dir='ltr'>petest,</span> <span class='ocrx_word' id='word_1_311' title='bbox 862 3966 917 4050; x_wconf 78' lang='lat' dir='ltr'>qui</span> <span class='ocrx_word' id='word_1_312' title='bbox 933 3977 1060 4052; x_wconf 81' lang='lat' dir='ltr'>reputat</span> <span class='ocrx_word' id='word_1_313' title='bbox 1083 3969 1208 4051; x_wconf 70' lang='lat' dir='ltr'>Scipic</span> 
     </span>
    </p>
   </div>
   <div class='ocr_carea' id='block_1_3' title="bbox 96 4114 539 4146">
    <p class='ocr_par' dir='ltr' id='par_1_9' title="bbox 96 4114 539 4146">
     <span class='ocr_line' id='line_1_37' title="bbox 96 4114 539 4146; baseline 0.002 -1"><span class='ocrx_word' id='word_1_314' title='bbox 96 4114 303 4130; x_wconf 35' lang='grc' dir='ltr'>μ’·</span> <span class='ocrx_word' id='word_1_315' title='bbox 532 4128 539 4146; x_wconf 80' lang='grc' dir='ltr'><strong>ι</strong></span> 
     </span>
    </p>
   </div>
   <div class='ocr_carea' id='block_1_4' title="bbox 197 4190 597 4262">
    <p class='ocr_par' dir='ltr' id='par_1_10' title="bbox 197 4190 597 4262">
     <span class='ocr_line' id='line_1_38' title="bbox 197 4190 597 4262; baseline 0.005 -17"><span class='ocrx_word' id='word_1_316' title='bbox 197 4190 225 4261; x_wconf 90' lang='grc'>1)</span> <span class='ocrx_word' id='word_1_317' title='bbox 243 4190 279 4262; x_wconf 79' lang='lat' dir='ltr'>ci,</span> <span class='ocrx_word' id='word_1_318' title='bbox 298 4191 355 4245; x_wconf 84' lang='lat' dir='ltr'>Liv.</span> <span class='ocrx_word' id='word_1_319' title='bbox 374 4191 457 4258; x_wconf 85' lang='lat' dir='ltr'>XXX,</span> <span class='ocrx_word' id='word_1_320' title='bbox 475 4193 518 4258; x_wconf 80' lang='lat'>21,</span> <span class='ocrx_word' id='word_1_321' title='bbox 538 4190 553 4262; x_wconf 68' lang='grc' dir='ltr'><strong>ξ</strong></span> <span class='ocrx_word' id='word_1_322' title='bbox 572 4191 597 4246; x_wconf 74' lang='lat' dir='ltr'>a</span> 
     </span>
    </p>
   </div>
   <div class='ocr_carea' id='block_1_5' title="bbox 0 0 1514 4724">
    <p class='ocr_par' dir='ltr' id='par_1_11' title="bbox 0 0 1514 4724">
     <span class='ocr_line' id='line_1_39' title="bbox 0 0 1514 4724; baseline 0 0"><span class='ocrx_word' id='word_1_323' title='bbox 0 0 1514 4724; x_wconf 95' lang='lat' dir='ltr'> </span> 
     </span>
    </p>
   </div>
  </div>
 </body>
</html>
