2936 4718
666 347 705 412 61

118 530 230 596 manis
254 530 370 594 lactum
395 549 468 596 mor
488 530 596 594 nobile
620 530 765 606 damnis,
788 540 822 596 ut
844 533 944 600 Silius
967 533 1177 599 vaticinantis
1201 534 1242 608 de

122 635 223 698 rebus
245 633 359 697 laturis
384 632 478 697 modo
500 631 600 709 addit,
624 651 826 715 quamquam,
850 643 884 699 ut
904 634 950 698 ita
972 635 1088 718 dicam,
1110 656 1174 702 non
1192 636 1242 704 bic

121 734 291 802 Viriathus
314 742 475 816 pastorem
499 732 589 798 illum
612 734 811 814 Lusitanum,
836 736 889 819 qui
911 735 986 802 inde
1009 737 1048 801 ab
1072 758 1158 803 anno
1182 741 1242 806 147

122 855 227 920 usque
242 835 283 899 ad
299 855 421 904 annum
437 837 496 900 139
510 856 539 902 a.
556 837 628 900 Chr.
644 855 674 899 n.
697 855 767 900 eum
784 837 937 902 Romanis
961 838 1080 906 bellum
1100 842 1242 922 gerebat,

122 947 232 1002 aetate
247 937 436 1019 praecessit,
458 937 515 1002 sed
531 935 596 1016 ille,
612 937 665 1021 qui
681 937 820 1002 nominis
835 938 979 1018 fingendi
996 960 1095 1005 causa
1111 942 1242 1026 exstitit,

123 1039 220 1104 hunc.
265 1039 515 1103 Mandonium
539 1039 599 1123 (vs.
623 1040 700 1121 376)
722 1060 742 1104 a
764 1039 863 1104 fratre
879 1039 1047 1123 Indebilis,
1068 1042 1240 1125 Ilergetum

119 1141 237 1224 reguli,
272 1160 366 1223 quem
397 1141 508 1206 Livius
530 1141 632 1221 XXII,
662 1143 700 1207 21
733 1141 802 1224 52,
834 1141 955 1220 XXVI,
976 1144 1018 1208 49
1048 1147 1067 1224 ξ
1093 1147 1128 1210 11
1154 1164 1240 1230 saep.

117 1249 366 1324 commemorat,
395 1251 491 1326 poeta
517 1252 679 1308 mutuatus
702 1254 760 1307 est.
806 1243 981 1309 Difficilius
1004 1242 1100 1324 dictu,
1122 1265 1184 1328 qua
1207 1265 1241 1312 rc

117 1355 230 1410 motus
255 1343 430 1408 Caesoni
453 1344 515 1428 (vs.
538 1346 626 1427 377),
649 1345 732 1428 quod
754 1345 896 1428 gentium
913 1346 1128 1412 Romanarum
1151 1367 1241 1432 prae·

117 1467 243 1512 nomen
268 1455 300 1509 et
322 1464 502 1528 cognomen
524 1466 596 1510 esse
619 1466 713 1511 nemo
734 1455 784 1512 est
800 1447 852 1529 qui
868 1450 1003 1529 nesciat,
1027 1457 1136 1531 partes
1152 1448 1241 1516 ducis

120 1548 344 1631 Hispanorum
366 1547 520 1613 tribuerit.
565 1548 629 1613 Sed
643 1547 754 1613 Silium
771 1549 812 1612 ad
828 1558 1132 1633 contemporaneum
1148 1571 1244 1634 quen·

121 1649 240 1734 dam,¹)
263 1652 314 1734 qul
338 1669 390 1714 res
420 1669 492 1714 cum
517 1650 675 1733 Hispania
709 1650 828 1730 habuit,
862 1652 931 1717 sive
964 1665 997 1716 ut
1028 1652 1057 1717 ei
1091 1654 1243 1722 honorem

119 1751 255 1816 afferret
278 1752 348 1816 sive
371 1759 405 1814 ut
419 1759 527 1815 notam
544 1752 694 1833 inureret,
717 1751 897 1817 intendisse
911 1762 1000 1836 puto.
1043 1754 1086 1818 Et
1099 1754 1244 1838 prolecto

121 1856 158 1918 in
184 1855 276 1918 titulo
304 1873 331 1920 c.
354 1854 373 1918 i.
396 1853 432 1918 L.
456 1853 497 1934 II,
530 1854 614 1918 2126
636 1853 699 1918 duo
722 1852 757 1918 Ο.
781 1853 923 1919 Cornelii
946 1854 1120 1936 Caesones,
1152 1865 1246 1940 pater

125 1955 289 2025 duumvir,
328 1954 414 2018 filius
453 1954 604 2020 sacerdos
635 1953 824 2034 Obulconia,
863 1956 1026 2039 municipii
1064 1957 1245 2040 Hisparrici,

126 2066 305 2122 occurrunt.
364 2057 454 2134 Quae
491 2057 669 2141 inscriptio,
708 2075 900 2140 quamquam
939 2058 1144 2142 archetypum
1181 2078 1245 2124 ser·

126 2168 235 2223 vatum
258 2180 322 2223 non
351 2169 415 2235 est,
449 2159 488 2222 ob
515 2158 625 2241 apices
652 2158 814 2241 productIs
847 2159 1010 2223 vocalibus
1043 2159 1245 2243 superpiclos

121 2263 230 2345 primo
266 2270 340 2345 post
376 2259 535 2326 Christum
569 2271 678 2324 natum
715 2261 844 2325 saeculo
884 2261 1042 2327 recentior
1082 2280 1154 2326 esse
1190 2280 1245 2325 ne·

119 2362 201 2446 quit.
267 2363 434 2428 Balarus
476 2362 538 2447 (vs.
575 2362 651 2445 378)
694 2363 868 2444 singularis
916 2383 1067 2429 numerus
1110 2363 1246 2429 Balaro-

121 2485 193 2529 rum
228 2472 294 2548 est,
332 2464 458 2547 populi,
492 2464 520 2529 si
551 2465 620 2529 veri
665 2465 804 2547 speclem
849 2467 1026 2548 sequimur,
1070 2462 1248 2550 Hispani,²)

233 2691 259 2762 1)
279 2692 312 2748 ef.
322 2691 482 2745 Perizonius
493 2689 627 2745 anImadv.
646 2692 711 2747 hist.
726 2691 767 2746 ed.
780 2691 888 2747 Harles.
902 2691 1056 2762 Altenburg
1069 2693 1146 2748 1771.
1159 2709 1185 2762 p.
1199 2693 1242 2750 25.

122 2779 236 2836 Cosaclr.
255 2784 359 2851 quaest.
380 2778 427 2838 Sil.
446 2796 472 2849 p.
491 2779 526 2833 52
545 2796 603 2850 sqq.

232 2867 260 2939 2)
280 2869 305 2922 A
322 2869 456 2924 Pausania
474 2869 507 2938 X,
526 2870 559 2924 17
579 2869 595 2938 §
614 2869 631 2924 h
649 2874 747 2937 Λίβυες
764 2865 781 2936 ἢ
796 2866 894 2940 Ἴβηρες
911 2872 1051 2924 vocantur.
1077 2869 1136 2923 Nec
1154 2869 1242 2938 negli-

121 2959 245 3028 gendum
266 2963 308 3013 est
326 2959 535 3026 descrIplionem
555 2957 698 3012 Sardiniae
716 2958 749 3012 ab
767 2960 819 3011 hoc
837 2957 970 3028 scriptore
988 2957 1128 3023 traditam,
1141 2961 1174 3014 nt
1186 2959 1241 3014 iam

121 3031 270 3100 Ernestius
299 3045 478 3113 adumbravit,
501 3062 549 3114 per
581 3046 782 3116 qualescunque
804 3047 967 3116 propagines
993 3061 1023 3099 ex
1049 3041 1142 3102 eodem
1166 3044 1241 3101 Ionte

122 3135 244 3206 pendere
263 3152 343 3206 quem
362 3136 446 3190 Silius
464 3133 529 3198 XII,
549 3134 601 3189 355
614 3151 673 3205 sqq.
692 3135 823 3203 sequitur.
849 3133 919 3188 Nam
931 3125 987 3188 no'u
999 3134 1076 3188 modo
1090 3135 1241 3190 SardIniam

122 3223 187 3277 olim
216 3226 287 3293 apud
306 3223 423 3281 Graecos
451 3223 483 3277 ob
508 3219 627 3285 figuram
654 3223 743 3276 soleae
771 3223 886 3279 similem
915 3223 1097 3278 Ichnusam
1124 3223 1241 3289 audisse,

122 3309 269 3366 Sardum
289 3314 420 3382 Libycum
449 3328 510 3365 cum
529 3311 653 3365 Herculis
681 3313 797 3382 posteris
825 3313 955 3366 coloniam
983 3328 1015 3365 eo
1043 3312 1187 3366 deduxisse
1214 3316 1242 3366 et

121 3402 227 3454 terram
245 3400 277 3455 de
296 3418 345 3455 suo
365 3401 472 3455 nomine
491 3400 652 3470 appellasse,
672 3406 732 3454 tum
750 3402 965 3472 Aristaeum,
984 3401 1130 3454 Actaeonis
1150 3399 1241 3454 miseri

122 3491 228 3557 patrem
256 3490 397 3560 liliumque
417 3488 541 3558 Cyrenes,
571 3488 597 3542 iu
625 3491 744 3546 insulam
770 3487 942 3558 immigrasse
969 3492 999 3543 et
1021 3487 1038 3540 J
1044 3487 1151 3542 olaum
1179 3503 1240 3543 cum

122 3576 252 3649 Thespiis
272 3578 413 3632 advenisse
433 3581 547 3648 uterque
565 3581 668 3642 narrat;
693 3579 741 3632 sed
761 3579 842 3634 etiam
862 3595 930 3649 quae
949 3578 983 3631 de
1000 3577 1122 3630 locorum
1142 3579 1240 3631 natura

122 3665 274 3736 proferunt,
300 3684 385 3738 paene
409 3665 593 3720 adamussim
612 3665 686 3720 inter
705 3684 735 3720 se
754 3669 943 3724 consentiunt:
971 3664 1041 3718 Nam
1068 3662 1241 3720 conferantur

122 3754 217 3811 velim:
246 3755 416 3826 ,Serpentum
444 3754 528 3809 tellus
555 3770 623 3823 pura
641 3771 672 3808 ac
694 3756 804 3810 viduata
822 3753 938 3810 venenis'
964 3751 1025 3823 (Sil.
1043 3751 1104 3817 XII,
1123 3754 1186 3824 370)
1212 3760 1240 3810 et

122 3839 195 3916 ὄφεις
218 3841 247 3896 δὲ
266 3841 328 3898 οἵτε
346 3845 373 3898 οἱ
390 3849 433 3898 ἐπὶ
456 3841 581 3916 συμφορᾷ
604 3841 639 3915 τῇ
661 3835 820 3915 ἀνθρώπων
842 3841 904 3898 οἵτε
926 3838 991 3897 ὅσον
1013 3831 1172 3913 ἀνώλεθρον
1194 3833 1240 3895 ue’·

121 3930 180 3984 τῶν
191 3974 197 3986 ,
208 3976 214 3988 .
226 3934 390 4004 ,τρέφεσθαι
407 3929 538 4004 πεφύκασι
558 3928 647 4000 (Paua.
661 3933 693 3999 X,
708 3936 742 3990 17
755 3934 771 4003 ᾗ
784 3933 825 4002 6);
844 3933 907 4001 ,Sed
919 3932 1007 3986 tristis
1026 3930 1100 3987 caelo
1115 3936 1143 3984 et
1154 3932 1240 3985 multa

121 4020 224 4074 vitiata
241 4020 347 4090 paludu’
368 4021 441 4091 (371)
461 4025 488 4074 et
506 4017 521 4075 ὁ
540 4015 569 4070 δὲ
588 4009 638 4092 ἆῆρ
656 4015 671 4074 ὁ
689 4022 810 4076 ἐνταῦθα
833 4017 945 4092 &chade
962 4041 992 4074 ra
1010 4013 1045 4078 oie
1068 4022 1166 4074 ἐπίπαν
1183 4024 1240 4072 ἐστὶ

121 4116 163 4161 καὶ
182 4105 300 4175 νοσώδης
318 4109 346 4178 (g
365 4111 405 4181 6);
437 4109 504 4178 ‚Qua
529 4105 604 4164 videt
622 4109 741 4177 Italiam,
769 4127 862 4164 saxoso
890 4109 993 4164 torrida
1020 4111 1097 4164 dorso
1124 4109 1240 4163 Exercet

122 4198 241 4266 scopulis
254 4197 312 4251 lato
323 4197 401 4252 treta’
422 4198 487 4269 (372
501 4203 550 4269 sq.)
570 4204 598 4253 ct
621 4195 656 4249 To
675 4195 704 4250 δὲ
722 4197 769 4265 τῆς
787 4195 868 4265 νήσου
887 4196 923 4252 τὰ
940 4196 1005 4272 πρὸς
1023 4198 1070 4266 τῆς
1087 4195 1185 4270 ἄρκτου
1198 4203 1241 4248 καὶ
