2908 4724
618 339 678 403 103

61 525 173 590 Nam
205 525 335 590 turbant
364 531 463 589 totum
495 523 647 590 narrandi
671 534 813 587 tenorem
842 521 957 603 capitis
984 521 1027 587 56
1049 523 1089 601 §S
1110 521 1129 585 8
1153 539 1212 603 sq„

66 627 207 709 quibus
224 625 332 712 Scipio
349 636 442 692 nocte
457 635 531 712 post
546 625 672 691 cladem
688 630 865 707 acceptam,
882 631 916 687 ut
931 623 1128 687 Placentiam
1142 641 1212 704 per-

69 728 230 806 veniret,
247 747 264 790 e
280 728 394 792 castris
411 729 531 793 milites
546 728 674 794 relictos
683 734 773 790 trans
782 725 932 790 Trebiam
943 723 1124 788 traduxisse
1138 723 1213 788 dici-

76 841 152 895 tur.
185 831 278 895 Hano
294 831 390 910 igitur
412 849 478 896 rem
502 850 573 895 eum
596 831 660 892 iam
677 827 837 892 Binderus
852 847 926 890 ann.
964 825 1113 889 Fleckeis
1131 823 1213 890 1855

74 954 120 1016 p.
138 933 202 998 736
218 950 264 1013 sq.
280 951 298 995 e
317 931 423 996 studio
447 941 479 995 et
501 931 612 997 lavoro
628 931 844 995 Romanarum
861 928 998 1010 partium
1015 926 1122 990 fictam
1139 945 1212 990 cen·

84 1032 255 1119 suisset,¹)
271 1042 356 1097 recte
373 1034 449 1096 mihi
465 1034 598 1099 Pohlius
613 1031 834 1114 lupae-25
846 1050 909 1094 una
926 1049 997 1096 eum
1009 1030 1113 1093 altera
1122 1048 1214 1111 para-

88 1137 209 1218 graphi
221 1135 352 1218 quintae
365 1133 524 1217 particula
537 1156 576 1200 ex
585 1136 692 1199 alieno
703 1134 790 1198 sonte
800 1132 989 1215 adspersam
1003 1150 1076 1194 esse
1088 1131 1213 1194 videtur

85 1238 298 1322 cognovisse.
343 1237 488 1301 Breviter
516 1238 603 1301 enim
632 1235 854 1301 adnotaverim
877 1273 915 1290 -
938 1223 1088 1316 quoniam
1116 1230 1213 1295 latius

86 1341 258 1404 disserere
292 1339 331 1402 ob
355 1339 547 1403 immensam
581 1337 834 1422 disputationum
868 1336 908 1400 de
939 1355 978 1399 ea
1010 1353 1044 1416 re
1077 1333 1211 1416 copiam,

86 1460 232 1524 quarum
265 1448 357 1523 parte
385 1449 509 1504 tantum
539 1440 759 1505 enumeranda
782 1438 915 1504 Mueller
941 1455 1044 1521 progr.
1067 1454 1212 1518 gymnas.

88 1544 218 1608 Oonitz.
236 1542 324 1606 1876.
348 1562 377 1624 p.
392 1543 414 1606 4
436 1552 534 1606 totam
558 1562 662 1625 paene
677 1541 831 1624 paginam
846 1539 1041 1624 quartarium
1058 1537 1213 1622 implevit,

88 1665 160 1709 non
184 1652 280 1707 vacat
294 1681 337 1690 -
350 1663 401 1708 me
418 1645 458 1708 ab
473 1663 582 1708 eorum
599 1644 742 1726 partibus
759 1652 854 1721 stare,
877 1641 929 1725 qui
950 1650 1055 1706 castra
1070 1641 1214 1704 Romano

94 1745 217 1830 proelii
239 1753 382 1828 tempore
405 1747 437 1808 in
460 1745 574 1810 dextra
595 1743 685 1809 fluvii
708 1745 779 1826 ripa
801 1743 914 1822 fuisse,
943 1762 1086 1826 pugnam
1109 1741 1213 1822 ipsam

89 1850 127 1911 in
164 1848 259 1910 laeva
292 1847 411 1910 factam
445 1867 517 1912 esso
556 1846 754 1926 existimant,
789 1855 821 1909 et
853 1845 966 1908 Pohlio
999 1843 1215 1924 Muelleroque

91 1949 230 2031 saepius
266 1946 417 2028 laudatis,
449 1948 503 2029 qui
538 1949 691 2032 postremi
721 1946 962 2012 accuratissime
993 1945 1215 2028 quaestionem

94 2049 267 2116 difficilem
291 2050 466 2131 attigerunt
488 2058 520 2114 et
542 2050 808 2133 explanaverunt,
835 2049 867 2112 in
897 2047 1043 2111 omnibus
1067 2052 1214 2129 respectu

98 2151 206 2233 dignis
228 2151 406 2234 astipulari,
436 2170 508 2215 cum
538 2154 666 2234 praeter
695 2151 753 2214 illa
779 2149 1000 2213 additamenta
1032 2146 1163 2212 aliunde
1195 2166 1215 2210 a

99 2251 191 2318 Lirio
213 2253 357 2318 admixta
380 2257 414 2318 et
435 2239 601 2336 Polybium
626 2261 658 2315 et
680 2253 817 2324 Livium,
847 2270 926 2336 quos
949 2251 1065 2315 iterum
1086 2251 1215 2313 iterum·

93 2373 158 2438 qne
188 2355 323 2438 perlegi,
356 2355 440 2419 hanc
469 2354 571 2419 solam
604 2355 799 2420 sententiam
836 2353 1006 2420 admittere
1041 2352 1214 2416 inveniam.

95 2458 140 2522 llt
162 2457 273 2532 Silius,
296 2457 342 2520 nil
365 2477 482 2521 curans
510 2465 699 2521 nocturnum
730 2457 821 2521 illum
844 2454 1006 2539 Scipionis
1036 2453 1216 2536 transitum,

92 2569 254 2642 quantum
277 2579 315 2623 ex
339 2557 469 2623 incertis
492 2559 562 2623 eius
585 2559 791 2623 lineamentis
818 2557 965 2634 concludi
993 2557 1077 2639 licet,
1111 2556 1215 2621 eidem

96 2664 197 2726 taret.
242 2660 326 2725 Nam
348 2679 421 2724 cum
443 2679 460 2722 e
483 2678 578 2724 versu
596 2660 659 2725 498
680 2667 790 2742 pateat
811 2659 941 2725 fluvium
961 2659 1046 2725 iuter
1068 2667 1217 2742 utrosque

97 2761 324 2846 interfuisse‚²)
357 2781 395 2826 ex
417 2761 569 2845 ,versibus
589 2762 650 2826 571
681 2781 737 2844 sq,
765 2761 819 2825 ubi
842 2762 978 2825 Romani
1005 2779 1025 2824 a
1046 2761 1163 2824 Poenis
1183 2761 1216 2825 in

96 2863 231 2930 fluvium
255 2871 418 2946 urgentur,
451 2865 485 2926 et
513 2881 560 2926 vs.
584 2863 656 2945 622,
691 2863 743 2927 ubi
767 2862 876 2945 Scipio
905 2861 1073 2926 sauciuse
1101 2862 1214 2928 castris

97 2985 156 3050 per
183 2966 353 3032 adversum
381 2963 422 3027 ad
460 2963 579 3029 flumen
611 2965 722 3048 tendit,
757 2964 972 3045 consequitur,
1010 2965 1046 3029 ut
1082 2964 1218 3028 Romani

97 3067 297 3132 transierint.
342 3065 516 3144 Quaerenti
539 3071 656 3139 autem,
680 3085 858 3148 equanam
882 3066 961 3150 ripa,
988 3067 1218 3150 respondeam:
1272 3148 1275 3153 Ι

94 3189 116 3232 e
140 3168 262 3248 dextra,
285 3167 360 3251 quia
376 3166 662 3250 Carthaginienses
679 3169 711 3232 in
727 3167 839 3233 dextra
854 3168 923 3252 ripa
944 3176 1051 3233 castra
1067 3169 1218 3234 habuisse

98 3276 271 3354 propterea
287 3290 349 3334 non
366 3269 434 3334 veri
450 3269 555 3336 simile
570 3289 643 3336 esse
658 3277 746 3354 puto,
769 3268 852 3352 quod
867 3269 1026 3345 ,Trebiam
1045 3270 1217 3352 collesque'

95 3371 256 3454 petivisse
279 3371 389 3454 Scipio
418 3371 521 3436 dictus
554 3379 632 3453 erat,
665 3373 717 3455 qui
756 3371 902 3455 quamvis
929 3371 962 3435 in
994 3373 1126 3438 sinistra
1147 3372 1219 3454 ripa

96 3473 248 3556 proprius
264 3473 306 3537 ad
322 3473 444 3540 Padum
469 3473 635 3549 accedant,
657 3481 765 3538 tamen
789 3473 892 3554 magis
913 3491 933 3535 a
955 3471 1074 3537 Trebia
1096 3473 1218 3537 reducti

99 3581 186 3655 sunt,
209 3593 303 3656 quam
325 3576 357 3639 in
381 3572 527 3658 dextras)
558 3572 641 3656 quod
664 3574 888 3658 Sempronium
918 3573 1063 3639 Arimino
1092 3581 1219 3638 constat

209 3837 236 3904 1)
254 3836 374 3891 Eandem
393 3837 557 3891 sententiam
576 3835 700 3904 sequitur
716 3835 831 3890 Mueller
850 3836 867 3890 l
887 3850 910 3895 e.
930 3851 956 3904 p.
976 3836 1009 3890 27
1030 3851 1069 3904 sq.

209 3925 237 3993 2)
256 3924 366 3979 sivero
385 3923 508 3991 ,amusm’
527 3939 582 3978 nou
600 3924 733 3992 Trebiam,
753 3923 801 3979 sed
813 3922 915 3978 Padum
934 3923 1109 3992 interpretari
1128 3923 1215 3987 malis,

97 4016 175 4068 corto
192 4014 323 4084 sequitur,
342 4015 374 4067 ut
390 4013 463 4068 hunc
480 4015 597 4077 tautum,
615 4028 669 4066 non
687 4015 716 4066 et
733 4011 811 4066 illum
826 4011 995 4079 transgressi
1006 4007 1091 4066 Poeni
1104 4013 1133 4065 in
1146 4012 1221 4066 laeva

97 4100 216 4156 Trebiae
235 4102 294 4171 ripa
313 4105 403 4156 castra
421 4102 572 4170 posuerint.

210 4189 236 4256 2)
256 4189 290 4245 cf.
309 4189 394 4244 Pohle
411 4189 429 4244 l.
449 4190 467 4244 l.
487 4207 513 4260 p.
533 4190 568 4244 19
586 4205 625 4258 sq.
