2936 4718
654 308 697 374 47

98 495 266 577 rra-44),
301 501 407 561 motus
438 494 579 560 fortasse
612 493 784 577 sculpturis
807 491 953 558 eiusdem
973 490 1122 557 Herculis
1145 489 1234 555 uobi-

100 595 260 660 lissimas
283 613 336 661 res
357 602 468 682 gestas
491 594 818 679 repraesentantibus,
851 613 929 677 quar
953 592 1119 679 Olympiae
1146 591 1235 658 Iovis

104 696 230 780 templi
252 696 375 762 foribus
398 696 576 780 insculptas
610 705 666 762 aut
697 697 768 779 ipse
802 694 928 760 viderat
960 704 1016 759 aut
1048 694 1087 758 ab
1120 693 1234 759 amicis

105 799 159 866 ibi
183 818 255 866 esse
292 799 498 872 audiverat.¹)
542 797 625 864 Nam
657 796 785 863 etiamsi
818 805 931 881 portae
964 796 1135 880 descriptio
1168 813 1234 859 non

107 901 292 968 manifesta
308 899 471 984 Vergilii¹)
493 899 672 966 imitatione
687 917 842 983 expressa
864 906 962 978 esset,
984 899 1048 963 ianr
1069 899 1139 962 sola
1155 896 1236 962 ratio

111 1004 172 1068 vix
195 1002 350 1068 credibile
372 1021 443 1068 esse
464 1002 630 1067 evinceret
652 999 805 1080 Gadibus,
828 1000 881 1064 ubi
896 1000 1059 1066 Melcartis
1075 999 1145 1064 dies
1160 998 1236 1064 festi

106 1106 213 1170 etiarn
248 1103 350 1184 ,mehr
382 1104 432 1168 als
462 1102 598 1168 ausano
627 1102 727 1167 Jabre
756 1102 840 1166 uaob
873 1101 1018 1183 Stiltung
1050 1101 1108 1166 der
1140 1100 1237 1167 Stadt

104 1208 144 1272 in
169 1205 469 1288 altbergebracbter
488 1203 554 1269 und
568 1203 753 1288 pracbtiger
768 1204 877 1269 Weise
898 1202 1036 1286 gefeiert
1051 1201 1235 1286 wurden⁴⁸),

106 1308 245 1374 fabulas
270 1308 466 1374 Graecorum
489 1315 522 1372 et
543 1307 739 1372 Phoenicum
762 1307 822 1372 boc
843 1305 938 1370 modo
965 1301 1048 1370 inter
1071 1324 1107 1370 se
1129 1305 1235 1369 coalu-

107 1413 193 1476 isse.
236 1408 379 1491 Accedit,
412 1409 495 1493 quod
530 1409 697 1493 Appianas
729 1410 812 1475 Iber.
835 1428 861 1475 c.
883 1409 904 1474 2
926 1414 1005 1472 extr.
1037 1407 1077 1472 de
1103 1405 1236 1470 delubro

110 1531 220 1596 prope
240 1511 389 1576 Herculis
411 1511 575 1578 columnas
598 1511 660 1576 sito
683 1530 784 1592 agens
808 1509 946 1576 desertis
979 1507 1086 1575 verbis
1119 1507 1237 1573 asserit

111 1617 173 1680 καὶ
200 1607 451 1701 θρησκεύονται
472 1616 532 1679 νῦν
559 1609 610 1679 ἔτι
643 1615 844 1703 pervertendis,
881 1609 900 1677 ὅ
929 1635 965 1676 τε
1003 1607 1087 1686 θεὸς
1122 1607 1238 1685 αὐτοῖς

111 1714 176 1801 οὐχ
199 1713 217 1780 ὁ
244 1711 389 1798 Θηβαῖός
414 1713 517 1794 ἐστιν,
543 1713 606 1780 ἀλλ’
641 1714 659 1780 ὁ
691 1712 859 1802 Ῥυρίωνέ)
898 1715 952 1780 Sic
974 1721 1081 1797 poeta,
1111 1711 1239 1778 etiamsi

116 1818 251 1900 singula
287 1816 446 1899 quaedam
479 1825 566 1880 recte
599 1816 686 1881 dicta
709 1836 781 1881 esse
802 1816 888 1882 baud
912 1815 1109 1898 negaverim,
1133 1814 1237 1879 diver-

115 1919 266 1984 sissimas
297 1939 349 1984 res
382 1919 414 1983 iu
448 1938 546 1983 unum
583 1916 810 2000 conglutinans
835 1917 964 1982 doctum
996 1917 1238 2000 compilatorem

117 2041 216 2104 quam
242 2040 319 2086 vera
348 2024 568 2104 perscrutatus
604 2019 790 2084 historicum
830 2027 1017 2084 accuratum
1053 2037 1089 2082 se
1124 2037 1239 2100 gerere

117 2122 240 2188 maluit.
283 2124 404 2188 Verum
426 2121 512 2188 enim
535 2141 612 2187 vero
634 2121 742 2186 omnia
764 2120 845 2186 baec
872 2119 959 2186 haud
987 2118 1103 2185 leviter
1125 2118 1237 2182 infrin-

115 2233 285 2310 gerentur,
320 2224 349 2289 si
385 2223 532 2287 nonnulli
569 2223 724 2304 italicam,
769 2222 927 2289 coloniam
971 2222 1149 2288 Romanam
1196 2221 1239 2286 ad

116 2329 246 2393 Baetim
269 2325 456 2389 inferiorem
480 2325 586 2402 sitam,
610 2325 683 2390 Silii
706 2324 845 2409 patriam
879 2325 984 2412 luisse
1015 2324 1084 2389 iure
1108 2333 1239 2388 conten-

115 2430 253 2495 dissent
299 2426 362 2492 Sed
398 2427 479 2492 baec
515 2427 633 2512 opinio,
672 2447 768 2510 quam
800 2427 897 2492 etiam
926 2426 1079 2492 Kortuem
1117 2426 1239 2514 (gescb.

115 2529 251 2596 Forscb.
275 2549 305 2612 p.
328 2528 405 2615 215)
427 2539 555 2595 secutus
584 2538 634 2594 est
663 2538 695 2594 et
725 2529 954 2612 Heynacherus
981 2529 1076 2612 (diss.
1100 2549 1131 2613 p.
1152 2529 1182 2606 5,
1204 2528 1240 2613 3)

121 2629 287 2716 repetiit⁶),
310 2650 396 2694 nuuc
419 2631 572 2714 temporis
595 2652 614 2695 a
640 2632 803 2715 plerisque
833 2631 911 2694 viris
947 2628 1051 2696 doctis
1090 2651 1159 2695 cum
1199 2631 1238 2695 ob

119 2733 202 2800 alias
225 2752 341 2799 musas
364 2735 485 2798 reiecta
506 2736 656 2811 cattum,
679 2732 762 2816 quod
789 2729 948 2796 Martialis
978 2731 1101 2811 Silium,
1130 2751 1239 2814 quam-

119 2855 214 2919 quam
238 2834 456 2918 compluribus
480 2833 723 2917 epigrammatis
747 2833 816 2898 eius
838 2832 952 2897 laudes
975 2832 1052 2914 agit,
1080 2851 1240 2915 nusquam

118 2937 152 3002 in
174 2936 289 3002 eadem
311 2956 351 3000 ac
373 2954 410 3000 se
433 2936 537 3018 ipsum
562 2945 648 3001 terra
670 2943 780 2999 natum
802 2953 876 2999 esse
899 2933 1106 3018 adumbrat.⁰)

226 3037 289 3104 Sed
313 3037 455 3104 Gadibus
485 3036 582 3102 etiam
611 3036 700 3101 aliud
730 3035 850 3118 aliquid
873 3045 958 3115 erat,
992 3036 1075 3118 quod
1097 3056 1137 3102 ex
1160 3036 1241 3100 mari

119 3197 324 3210 t-—ffl—--ffl‘

226 3282 252 3352 1)
270 3283 404 3338 Recensst
431 3299 476 3338 eas
506 3283 567 3353 (uon
594 3280 630 3336 τὰ
658 3277 760 3335 δώδεκα
787 3285 864 3352 ἔργα,
893 3295 960 3349 quac
988 3283 1240 3336 commemoraverat

124 3372 145 3439 1,
163 3373 204 3436 27,
224 3371 252 3440 9)
271 3373 420 3426 Pausanias
437 3371 470 3436 V,
489 3373 532 3435 10,
555 3367 573 3443 ξ
592 3373 617 3426 2.

226 3459 253 3528 2)
271 3460 340 3518 Aen.
359 3460 404 3525 vl,
424 3462 459 3516 20
476 3475 534 3531 sqq.
553 3459 653 3528 Georg.
672 3458 722 3524 111,
742 3460 777 3514 26
795 3473 853 3529 sqq.

227 3549 255 3620 3)
274 3549 307 3606 cl.
327 3550 455 3604 Dunclrer
474 3546 573 3604 (leuch.
592 3547 617 3604 d.
638 3547 757 3602 Alterth.
776 3546 802 3601 1⁸
819 3563 846 3616 p.
865 3547 927 3606 512.

228 3638 258 3706 4)
278 3637 311 3692 cl.
332 3637 437 3693 Arnisa
465 3637 544 3692 anab.
562 3635 599 3692 11.
618 3637 653 3692 16
683 3636 699 3706 5
723 3639 742 3692 4
771 3629 816 3692 ‘cic
854 3633 904 3690 τὸν
934 3640 965 3690 ἐν
1000 3635 1145 3706 morai
1173 3633 1240 3706 πρὸς

121 3718 230 3798 Ἰβήρων
248 3722 398 3796 τιμώμενον
416 3719 676 3795 Ἡρακλέα...δοκῶ
698 3723 751 3798 ἐγὼ
774 3723 824 3779 τὸν
848 3722 942 3796 Ίὶῖριον
965 3723 1032 3777 εἶναι
1049 3717 1173 3795 ‘Hpnxla'u
1191 3729 1239 3786 (so.

123 3811 183 3869 οὔτε
200 3811 250 3868 τὸν
261 3805 380 3888 Ἀργεῖον
398 3811 460 3868 οὔτε
477 3811 527 3868 τὸν
546 3809 718 3886 Αἰγύπτιον),
736 3809 779 3867 ὅτι
793 3820 925 3867 Φοινίκων
941 3818 1037 3882 κτίσμα
1054 3806 1071 3882 ἡ
1089 3809 1239 3884 Theranda

123 3910 163 3958 καὶ
180 3903 220 3971 τῷ
241 3909 372 3958 Φοινίκων
393 3900 469 3973 νίμῳ
488 3899 504 3956 δ’
523 3924 553 3956 τε
570 3901 635 3959 νεὼς
658 3909 799 3970 accerbam
823 3901 864 3968 τῷ
881 3895 1002 3972 Ἠρακλεῖ
1025 3901 1067 3968 τῷ
1083 3906 1137 3955 ἐκεῖ
1152 3907 1194 3954 καὶ
1211 3898 1242 3956 ae‘

125 3995 215 4048 θυσίαι
232 3983 366 4048 θύονται]

227 4081 256 4150 b)
274 4080 306 4136 In
325 4083 525 4151 programmate
543 4084 636 4135 tamen
655 4081 692 4150 (p.
706 4081 733 4143 9,
751 4078 780 4150 1)
798 4077 881 4133 verbu
898 4079 951 4134 buc
970 4080 1123 4150 spectantia
1141 4079 1240 4138 omisit

228 4171 255 4239 6)
273 4169 304 4224 cl.
325 4168 439 4226 Occioni
456 4170 475 4224 l.
495 4185 516 4225 c.
535 4185 562 4238 p.
582 4169 617 4224 16
636 4185 675 4240 aq.
694 4167 798 4223 Teuffel
816 4167 880 4222 hist.
900 4167 956 4223 litt.
975 4165 1068 4224 Rom.³
1085 4183 1127 4225 nr.
1139 4167 1200 4231 320,
1214 4167 1239 4223 2.
