2908 4724
642 331 703 397 83.

76 514 311 580 imitationem
328 515 482 582 Patavini
496 516 617 582 relatos
633 514 740 598 etiam,
763 516 846 600 quod
861 523 952 600 optat
967 514 1032 580 dux
1049 515 1225 599 Romanus,

78 624 116 682 ut
137 616 303 699 fugituris
331 617 476 683 hostibus
498 619 600 702 Alpes
622 617 781 684 obsistant
802 619 864 702 (rs.
887 619 929 684 74
950 613 1022 701 su),
1044 635 1084 681 ex
1097 616 1225 682 Hanni·

79 718 170 784 baiis
191 719 315 784 verbis
342 739 393 803 ap.
416 719 487 786 Liv.
510 739 537 786 o.
559 721 602 787 43
623 720 643 803 g
664 722 686 786 4
712 720 763 797 ,ab
785 727 878 807 tergo
900 719 1002 803 Alpes
1025 717 1147 800 urgent
1170 718 1224 784 do-

81 819 192 902 promi
212 819 321 885 lionit
344 839 414 903 neo,
437 821 465 887 si
488 822 568 901 ,Huo
584 840 680 905 egere
696 820 760 886 dei’
781 821 839 907 (so.
855 823 978 906 hostes)
994 841 1042 887 vs.
1059 821 1100 887 tu
1114 820 1225 905 Soipio

82 921 259 1002 exoiamat‚
295 921 403 987 multo
441 923 506 989 alio
533 923 642 988 oolore
663 922 775 989 Livius
798 925 839 990 ib.
861 930 881 1008 ξ
905 927 942 990 11
969 924 1059 1002 ,deos
1081 923 1171 1007 ipsos
1193 971 1226 988 ..

85 1022 303 1089 committere
338 1031 371 1088 et
396 1023 569 1109 profligare
596 1025 724 1091 bellum·
752 1025 841 1093 dixit.
890 1027 1040 1110 Denique
1071 1044 1127 1090 our
1162 1044 1225 1089 uon

80 1135 181 1209 poeta
204 1124 424 1209 captivorum
447 1127 613 1192 Gallorum
642 1134 817 1210 certarnen,
844 1130 929 1212 quod
952 1126 1115 1192 Hannibal
1142 1126 1225 1190 miti·

80 1226 167 1291 tibus
191 1227 269 1292 suis
296 1227 483 1310 exemplum
512 1228 638 1294 sortiter
666 1228 833 1313 pugnandi
859 1236 935 1294 ante
964 1229 1074 1294 oeulos
1096 1227 1224 1311 ponitl),

80 1329 240 1410 quamvis
277 1346 397 1412 presso
428 1329 509 1412 pede
542 1330 671 1395 Livium
703 1337 906 1414 sequeretur,
946 1329 1046 1395 libere
1078 1328 1226 1394 omittere

80 1431 235 1512 potuerit
259 1429 323 1508 (oi.
337 1430 501 1514 Heynaob.
518 1432 539 1496 l.
555 1431 601 1518 1.),
623 1452 665 1496 ne
685 1432 783 1497 nimis
805 1434 846 1497 de
861 1432 990 1515 inoepto
1005 1429 1227 1514 digrederetur

82 1549 169 1597 neve
197 1531 402 1615 ambagibus
425 1551 460 1597 se
473 1533 660 1618 implicaret,
681 1553 746 1598 non
762 1551 927 1616 assequor,
948 1553 1019 1598 oum
1035 1531 1225 1616 praesertim

85 1631 405 1718 Carthaginienses,
425 1632 508 1718 quod
524 1633 665 1715 Livius¹)
679 1642 754 1720 post
769 1635 988 1719 spectaculum
1003 1633 1083 1699 iilud
1098 1633 1226 1698 demum

83 1744 265 1812 memorat,
295 1735 361 1800 iam
384 1735 461 1800 inde
482 1736 523 1800 ab
546 1735 640 1801 initio
661 1755 817 1804 aooeusos
840 1736 881 1800 ad
904 1735 1123 1802 dimicandum
1144 1753 1227 1801 oom-

86 1835 320 1903 minisoatur?

200 1939 328 2022 Gopiis
351 1938 525 2004 admonitis
541 1939 652 2022 Soipio
676 1957 804 2022 ‚agmen
820 1938 927 2003 Ticini
941 1937 1042 2003 fleotit
1056 1937 1099 2002 ad
1114 1936 1226 2004 undas’

97 2036 159 2118 (vs.
182 2039 293 2128 81)‚⁸)
324 2059 417 2124 quem
450 2039 647 2124 pellucidum
680 2039 815 2107 fluvium
847 2041 934 2104 lento
970 2040 1027 2105 sub
1059 2040 1226 2104 umbrosas

97 2140 227 2210 arbores
265 2143 434 2208 labentem
470 2143 550 2224 (uss.
573 2142 714 2226 82-87)
746 2150 873 2226 poetam
910 2140 1015 2224 ipsum
1051 2141 1172 2206 vidisse
1195 2148 1228 2205 et

97 2258 135 2304 ea
162 2243 204 2309 de
236 2264 344 2310 eausa
372 2254 440 2310 tam
466 2253 616 2309 aoourate
643 2244 857 2329 desoripsisse
883 2241 1117 2326 erediderunt)
1160 2240 1226 2308 Sed

94 2359 134 2406 ex
156 2362 226 2411 una
250 2354 348 2431 parte
370 2345 562 2425 lutulentus,
586 2365 626 2410 ex
651 2346 755 2410 altera
777 2364 874 2428 quam
889 2344 1028 2412 maxime
1044 2343 1228 2428 impeditus,

95 2461 168 2510 oum
192 2448 301 2513 eliam
325 2447 446 2511 nullam
469 2446 634 2513 iudicandi
656 2447 826 2513 materiam
848 2449 1003 2532 praebeat
1024 2466 1119 2530 qnam
1142 2445 1227 2510 loou·

94 2543 221 2613 tionem
246 2549 339 2614 iilam
363 2553 657 2629 commemoratam,
688 2567 747 2614 nos
769 2548 867 2634 piane
889 2549 922 2613 in
945 2549 1041 2614 dubio
1064 2547 1228 2630 relinquit,

97 2663 160 2728 qua
183 2649 219 2715 in
244 2651 319 2734 ripa
334 2650 441 2716 Tioiui
462 2659 639 2736 pugnatum
661 2650 713 2728 sit,
736 2650 832 2718 simui
856 2669 934 2715 vero
956 2649 1082 2714 diifioili
1105 2648 1146 2712 de
1167 2646 1229 2711 hau

98 2766 134 2813 re
157 2750 352 2838 disputandi
382 2771 480 2836 opera
512 2754 609 2819 ierat.
652 2753 723 2820 Hoo
752 2753 899 2818 consulto
928 2751 1010 2816 forte
1038 2749 1126 2827 feeit,
1152 2748 1233 2829 quia

100 2853 339 2938 esoriptorum
363 2854 574 2920 relationibus
601 2874 665 2920 non
692 2854 734 2922 ad
758 2862 809 2919 sat
839 2863 960 2918 eertum
983 2851 1135 2917 iudioium
1157 2869 1228 2935 per·

99 2953 217 3020 venire
254 2956 365 3037 potuit.
419 2957 503 3023 Nam
539 2956 687 3038 quamvis
724 2956 946 3039 quaestionem
982 2964 1057 3038 post
1092 2953 1228 3018 aliorum

100 3049 273 3121 bominum
296 3057 459 3123 dootornm
483 3075 614 3142 operam
630 3076 716 3122 nuno
730 3055 865 3140 delii⁶)
888 3065 921 3122 et
936 3053 1111 3138 auerterit)
1133 3074 1229 3120 aeon·

101 3155 184 3222 ratis
221 3158 504 3242 disputationibus,
537 3160 591 3242 qui
620 3169 763 3243 uterque,
796 3160 848 3227 hio
876 3159 967 3224 illum
1001 3158 1164 3241 ignorans,
1195 3155 1228 3220 in

104 3258 248 3325 eandem
269 3259 461 3325 sententiam
484 3279 674 3342 convenere,
698 3263 877 3328 absolutam
900 3270 1020 3346 putem,
1045 3262 1104 3325 boo
1123 3266 1228 3324 tamen

5 3559 8 3566 Ι
216 3485 244 3557 1)
263 3487 358 3556 Polyb.
377 3485 427 3550 III,
447 3489 482 3543 62
500 3488 625 3558 §2-11.
646 3489 703 3543 Liv.
722 3487 796 3555 XXI,
816 3506 838 3547 o.
856 3491 901 3545 42.
921 3488 997 3544 Cass.
1015 3483 1081 3542 Dio.
1100 3484 1181 3554 frgm.
1194 3483 1228 3540 57

106 3569 123 3638 5
141 3573 159 3627 1
180 3572 274 3645 (Dind.
292 3575 314 3641 l,
332 3591 359 3646 p.
378 3575 414 3632 89
432 3575 485 3646 sq.)
503 3580 533 3631 at
550 3594 582 3632 ox
600 3595 630 3632 oo
649 3577 743 3635 Zonar.
762 3575 837 3644 vni,
855 3578 890 3633 23
909 3595 931 3636 s.
950 3576 968 3632 i.

217 3665 245 3733 2)
263 3667 292 3719 ot
310 3664 367 3720 Pol.
385 3663 436 3731 111,
454 3665 490 3720 63
507 3666 525 3735 ξ
542 3667 586 3721 14„

217 3753 245 3822 3)
264 3751 300 3808 of.
318 3753 375 3810 Liv.
393 3753 465 3821 xxi,
484 3770 507 3812 o.
525 3755 561 3810 39
578 3756 595 3825 5
614 3756 657 3816 10.

217 3843 246 3910 4)
266 3840 302 3897 oi.
321 3859 403 3912 snpra
421 3859 446 3910 p.
466 3844 508 3899 71.
528 3843 618 3898 adnot.
636 3846 663 3900 4.

218 3927 318 4002 o),1)e
337 3947 432 4002 pugna
451 3930 485 3984 ad
502 3931 629 3986 Trebiam
648 3933 749 3987 flumen
768 3933 912 3988 commissa
930 3930 1101 4000 quaestiones
1114 3931 1230 3987 oritioae'

113 4011 178 4071 diss.
196 4017 260 4074 Hal.
279 4019 357 4084 1872,
375 4037 402 4089 p.
422 4020 519 4077 6-17.
538 4015 543 4025 ’

219 4109 248 4178 6)
267 4107 353 4180 ,Noob
380 4107 481 4162 sinmal
508 4107 552 4162 dis
571 4107 701 4162 Sublaoht
727 4125 763 4162 an
790 4106 836 4162 dor
854 4107 960 4162 Trebia'
989 4125 1080 4178 progr.
1108 4122 1231 4178 gymnas.

115 4186 215 4252 Gonitn
235 4196 313 4262 1876,
333 4211 360 4264 p.
371 4196 449 4251 5-8.
769 4225 772 4232 ·
894 4227 897 4235 ·
