2936 4718
799 329 842 395 60

264 519 330 602 stro
353 512 423 576 loco
451 520 482 576 et
511 513 577 592 Vll,
601 513 663 580 338
696 513 921 596 significatum,
949 514 1080 578 eosdem
1104 533 1174 579 esse
1207 515 1312 579 viros
1338 535 1406 580 con-

263 615 420 679 tenderet.
463 614 501 678 In
529 613 735 698 Choaspis
766 618 827 698 (vs.
850 615 927 702 317)
956 617 1084 680 nomine
1112 616 1266 697 legendo
1299 617 1406 679 statim

262 714 512 798 uniuscuiusque
535 717 642 780 animo
665 719 798 782 recurrit
819 717 926 801 imago
948 717 1099 790 fluminis,
1123 719 1173 782 cui
1190 719 1295 784 Susa
1321 718 1405 780 adia-

262 825 335 883 cent
357 817 509 900 cuiusque
531 837 647 901 aquam
671 819 760 884 cadis
783 820 946 901 argenteis
970 820 1109 884 infusam
1132 820 1328 884 Persarum
1356 837 1407 880 rer

261 938 391 1002 semper
413 919 446 981 in
468 919 724 1001 expeditionibus
747 932 778 985 et
800 921 966 986 itineribus
990 943 1099 986 secum
1119 921 1206 985 ferre
1228 920 1406 1004 solebatll

263 1022 328 1088 Sed
351 1021 426 1104 quid
448 1023 577 1086 tandem
601 1025 647 1087 rei
670 1031 719 1087 est
739 1023 813 1086 huic
837 1023 925 1086 amni
940 1023 1069 1088 Persico
1092 1045 1163 1088 cum
1181 1023 1312 1089 Africa
1328 1027 1406 1088 Poe·

261 1123 400 1206 nisque?
420 1123 490 1188 Hoc
504 1125 671 1205 quaerenti
688 1124 861 1190 Sallustius
883 1125 957 1208 Jug.
980 1149 1006 1190 c.
1025 1126 1064 1191 18
1086 1127 1140 1209 §4
1161 1127 1403 1209 respondebit:
1441 1135 1442 1182 ξ

262 1225 438 1292 secundum
459 1227 625 1302 rationem,
649 1245 742 1306 quam
764 1226 930 1308 Hiempsal
954 1248 1007 1292 rer
1028 1228 1059 1291 in
1084 1228 1173 1292 libris
1196 1230 1278 1292 suis
1306 1229 1403 1292 Puni·
1441 1225 1442 1234 ’

262 1328 308 1393 cis
326 1339 524 1410 exposuerat,
548 1329 706 1398 Persae,
729 1327 823 1406 Medi,
846 1330 991 1392 Armenii
1014 1329 1053 1393 de
1076 1330 1223 1394 exercitu
1242 1330 1401 1394 Herculis

261 1430 398 1514 undique
425 1429 568 1512 gentium
596 1429 776 1510 conscripto
798 1438 873 1512 post
895 1441 1029 1495 mortem
1053 1430 1158 1513 ducis,
1192 1432 1253 1514 qui
1282 1433 1398 1496 cosin

261 1531 453 1614 Hispaniam
478 1531 657 1610 traiecerat,
682 1549 751 1594 cum
768 1531 900 1595 Africae
923 1533 1138 1614 appulissent,
1159 1533 1203 1596 ilri
1230 1533 1397 1597 consede·

261 1645 342 1697 rant.
388 1631 447 1696 Oui
480 1651 556 1696 vero
587 1631 649 1697 hoc
676 1633 884 1717 longinquius
911 1637 1045 1716 petitum
1071 1635 1232 1712 videatur,
1275 1635 1394 1700 Silium

260 1733 417 1799 Herodoti
447 1733 650 1798 historiarum
680 1734 752 1798 libri
778 1735 836 1798 VII
860 1746 955 1818 caput
978 1737 1015 1800 61
1041 1737 1225 1819 respexisse
1255 1745 1394 1816 statuat,
1441 1791 1442 1830 ,

260 1836 313 1900 ubi
347 1836 466 1899 Persae
500 1856 519 1899 a
548 1835 687 1918 Cepheo,
728 1838 920 1920 Aethiopum
955 1859 1031 1921 rege
1065 1850 1150 1918 noto,
1184 1839 1390 1916 derivantur,

260 1938 350 2003 cuius
380 1954 450 2001 cum
480 1936 547 2001 lilia
569 1939 706 2003 Perseus
735 1939 836 2003 filium
860 1941 979 2004 Persen
1010 1941 1167 2026 genuerit.
1212 1942 1261 2004 Hi
1294 1943 1392 2023 igitur

259 2041 449 2104 Afrorum
473 2041 571 2104 duces
593 2050 676 2122 sunt,
699 2060 780 2124 quos
804 2038 887 2105 fctus
910 2041 1031 2126 ingenii
1049 2041 1165 2106 Siliani
1188 2041 1387 2126 procreavit.

260 2142 441 2227 Sequuntur
474 2141 761 2224 Hispanorum:
794 2162 927 2225 quorum
962 2144 1016 2227 qui
1044 2143 1163 2227 primus
1193 2147 1389 2209 nominatur

258 2245 317 2330 (vs.
340 2245 426 2328 338),
459 2243 547 2308 varie
581 2243 716 2307 traditur
747 2247 803 2307 sed
831 2265 869 2309 ex
891 2244 1030 2328 ,Cydno’,
1063 2245 1148 2329 quod
1171 2245 1385 2312 coloniensis

259 2345 449 2410 auctoritate
472 2344 756 2427 commendatum²l
783 2347 924 2410 editores
946 2345 1033 2411 fluvii
1058 2346 1191 2411 Ciliciae
1213 2347 1386 2432 cognomi·

258 2448 309 2511 nis
332 2465 490 2510 memores
514 2447 731 2528 imprudenter
754 2459 958 2531 receperunt,
988 2449 1084 2513 facilc
1109 2449 1325 2534 ,Cycnum’
1359 2468 1381 2513 s.

258 2547 455 2631 ,Cygnum'
468 2549 677 2632 expiscamur.
701 2551 790 2614 Inter
803 2549 929 2634 Gyenos
944 2551 1028 2614 enim
1047 2551 1151 2616 varios
1162 2553 1218 2634 qui
1234 2554 1272 2617 in
1292 2554 1381 2615 fabu-

258 2651 299 2716 lis
322 2651 532 2733 reperiuntur,
556 2669 637 2715 unus
661 2661 719 2729 est,
743 2672 875 2735 quocum
899 2653 1055 2718 Hercules
1078 2663 1241 2717 certamen
1270 2657 1379 2734 singu-

258 2754 325 2817 lare
356 2752 445 2832 iniit,
479 2753 590 2818 Martis
619 2764 651 2817 et
671 2755 849 2838 Pyrenes
873 2753 998 2828 filius.⁸)
1041 2755 1083 2834 Is,
1107 2775 1180 2821 cum
1202 2757 1379 2838 Pyrenea

255 2856 361 2942 poetis
392 2876 450 2939 pro
472 2857 646 2941 Pyrenaeis
673 2857 833 2921 montibus
857 2855 1064 2940 usurpetur,⁴)
1087 2857 1157 2922 sine
1182 2857 1376 2923 difficultate

254 2955 290 3022 'in
324 2957 559 3041 Pyrenaeorum
598 2957 697 3022 filium
729 2961 835 3042 itaque
868 2959 1047 3042 Hispanum
1082 2959 1225 3024 converti
1262 2957 1376 3044 potuit.

258 3059 405 3124 Secundo
429 3061 500 3124 loco
524 3061 729 3126 Viriathus
750 3060 812 3143 (vs
836 3062 900 3128 354
924 3062 983 3145 sq.)
1006 3062 1133 3144 ponitur
1154 3063 1290 3142 ‚Nomen
1315 3062 1374 3124 Ro-

256 3217 468 3228 ...ω-..μω-

364 3309 390 3377 1)
408 3308 526 3362 Herodot
545 3309 565 3371 l,
583 3307 646 3364 188.

361 3397 388 3469 2)
408 3397 465 3450 Hoc
482 3411 578 3448 nomen
597 3396 626 3449 in
639 3395 775 3449 codicibus
789 3396 962 3466 depravatum
975 3397 1060 3453 fuisse
1074 3400 1128 3452 veri
1142 3401 1230 3454 simile
1244 3397 1369 3460 reddunt,

255 3504 324 3557 queo
354 3486 475 3541 Blassius
505 3499 609 3537 mecum
640 3485 853 3540 communicavit.
898 3487 967 3540 Nam
997 3489 1114 3558 optimus
1143 3505 1207 3545 mss.
1231 3487 1263 3542 [³
1288 3485 1370 3542 hebet

255 3572 418 3641 ,crdrnrl',
444 3572 572 3627 librarius
595 3588 657 3626 vero
685 3573 786 3628 codicis
812 3571 873 3634 th.
892 3575 909 3629 l.
929 3577 1093 3646 exemplum,
1120 3576 1190 3644 quod
1217 3573 1366 3645 descripsit,

253 3662 308 3716 iem
327 3679 380 3716 non
398 3664 489 3730 legere
509 3661 607 3729 potuit,
627 3676 686 3714 curn
706 3663 793 3730 primo
812 3665 929 3731 spatium
949 3665 1065 3720 nominis
1090 3681 1203 3720 vacuum
1226 3665 1366 3735 reliquisse

254 3749 391 3815 videatur,
416 3748 487 3818 quod
512 3755 604 3816 postea
627 3750 682 3803 sire
707 3750 740 3804 ab
766 3768 796 3805 eo
815 3752 873 3820 ipso
892 3751 948 3805 sive
966 3753 999 3808 ab
1018 3753 1073 3807 alio
1092 3753 1242 3820 ,cidnus’
1268 3749 1366 3808 litteris

254 3836 390 3906 expletum
409 3840 458 3891 est.

360 3925 387 3996 3)
406 3924 530 3994 Apollcd.
550 3926 613 3982 bibl.
631 3925 666 3982 H.
686 3944 707 3984 c.
727 3928 744 3982 5
763 3927 831 3997 511.
850 3928 971 3983 Eandem
989 3946 1045 3984 rem
1064 3934 1156 3984 narrat
1164 3927 1294 4002 Hyginus
1312 3927 1362 3983 fab.

254 4028 276 4066 c.
295 4011 339 4085 31,
358 4015 411 4067 nisi
428 4012 501 4083 quod
518 4015 547 4068 in
565 4033 597 4070 ea
615 4017 701 4085 operis
719 4017 920 4081 retractatione,
940 4033 1010 4087 quae
1029 4021 1147 4074 aetatem
1171 4020 1244 4084 tulit,
1270 4016 1360 4074 matris

252 4117 351 4156 nomen
369 4103 415 4169 (ab
433 4103 491 4172 ipso
511 4108 619 4159 auctore
636 4105 705 4159 forte
719 4106 866 4174 prolatum)
886 4105 972 4160 deest.

358 4189 386 4261 4)
405 4191 453 4248 Sil.
472 4185 494 4256 1,
506 4193 560 4248 487
579 4197 608 4248 et
624 4194 739 4263 saepius.
