2936 4718
753 299 795 364 28

215 484 352 549 imitatio
376 483 512 550 Achillis
545 483 578 546 in
606 482 686 547 libro
715 484 748 548 Φ
770 483 882 549 Iliadis
913 501 986 548 cum
1013 481 1202 548 Scamandri
1237 481 1340 546 undis

217 585 420 666 confligentis
444 593 501 656 est,
525 584 566 648 ad
590 585 675 666 quod
696 586 878 668 exemplum
906 593 938 649 et
960 584 1082 650 Statius
1110 584 1143 646 in
1165 584 1340 648 Thebaide

216 687 286 772 (ΙΧ,
309 687 371 752 226
401 695 483 770 sqq.)
510 706 650 770 pugnam
679 686 947 769 Hippomedontis
976 705 1046 750 oum
1075 687 1204 750 Ismeno
1233 684 1341 751 fluvio

216 789 337 854 factam
375 787 640 853 conformaverat.
699 791 818 853 Aestus
859 803 1011 870 aquarum
1051 788 1202 851 iratorum
1239 786 1343 851 effer-

217 909 353 954 vescens
376 890 520 975 (νε.«638
543 909 611 973 sqq.
634 899 667 955 et
688 891 750 956 649
773 890 866 974 squ),
894 897 1023 972 questus
1052 887 1193 953 fluminis
1222 908 1341 971 corpo·

218 991 304 1055 ribus
327 992 449 1074 oppleti
482 992 543 1077 (νε.
567 993 629 1058 660
651 993 744 1076 sqq.)‚
776 1003 913 1074 magnae
947 1009 1059 1074 preces
1093 993 1199 1054 herois
1222 991 1341 1055 miseri

217 1093 278 1177 (νε.
302 1093 388 1176 669),
410 1111 487 1157 cura
509 1092 590 1158 deae
613 1094 772 1159 sollicitae
795 1094 854 1174 (νε.
878 1091 963 1177 675),
987 1091 1092 1156 undae
1115 1092 1154 1155 ab
1170 1091 1256 1172 ignis
1272 1092 1341 1156 deo

218 1195 359 1259 domitae
382 1199 442 1272 (νε.
458 1195 520 1259 677
536 1193 628 1280 squ),
652 1196 732 1260 haec
754 1196 863 1259 omnia
885 1196 950 1257 iam
970 1195 1007 1257 ab
1023 1194 1163 1258 Homero
1179 1211 1342 1275 expressa

219 1306 252 1361 et
273 1317 293 1360 a
315 1296 469 1380 Rupertio
492 1305 578 1360 recte
602 1307 787 1380 comparata
810 1305 893 1360 sunt.
938 1295 1041 1373 Quam
1064 1296 1187 1359 obrem
1206 1295 1342 1376 singola
1459 1290 1460 1337 ἓ

219 1397 376 1480 quaedam
414 1397 542 1461 adicere
579 1397 728 1462 sufficiet.
786 1399 829 1464 Ut
865 1397 972 1480 Scipio
1016 1417 1061 1460 vs.
1100 1397 1161 1461 627
1198 1398 1339 1480 primum

220 1499 367 1577 iaculo,
405 1497 522 1561 deinde
559 1518 653 1563 ense
690 1501 801 1577 utitur,
839 1499 885 1562 ita
913 1497 1057 1562 Achilles
1084 1500 1220 1581 primum
1257 1494 1341 1581 δόρυ

221 1597 350 1684 μακρὸν
373 1599 532 1664 sublatum
556 1601 711 1665 iaculatur
731 1602 784 1685 ((1)
805 1602 846 1666 67
869 1599 960 1683 sqq),
984 1606 1050 1663 tum
1071 1598 1160 1689 ξίφει
1183 1598 1251 1679 ὀξεῖ
1280 1600 1340 1662 ad-

221 1701 399 1765 versarium
423 1711 516 1784 urget
537 1703 598 1787 (νε.
625 1703 714 1788 116);
743 1711 777 1767 ut
798 1703 917 1767 Trebia
939 1700 1078 1764 cadaver
1100 1701 1278 1784 Thelgonis
1303 1703 1339 1766 in
1459 1734 1460 1743 ν

220 1801 413 1880 Eridanum,
450 1803 501 1866 bic
538 1805 570 1867 in
604 1824 689 1869 mare
722 1805 873 1888 propellit
903 1803 975 1883 (Sil.
999 1824 1046 1868 vs.
1069 1803 1131 1868 633
1154 1811 1251 1886 sqq.)‚
1290 1805 1340 1867 ita
1459 1824 1460 1839 ¹

221 1903 364 1968 Achilles
394 1923 519 1986 quoque
548 1907 728 1990 Lycaonem
759 1916 906 1971 necatum
936 1909 1021 1971 laeto
1056 1907 1195 1971 clamore
1228 1926 1341 1988 prose·

221 2006 327 2090 quitur
349 2005 580 2074 Scamandrum
602 2029 675 2073 eum
698 2010 729 2072 in
753 2029 868 2091 aquam
889 2009 1047 2074 marinam
1069 2028 1141 2072 esse
1156 2008 1339 2071 delaturum
1457 2075 1458 2086 p

221 2109 281 2192 (νε.
296 2109 357 2173 124
370 2109 445 2192 sq.);
469 2117 503 2172 ut
515 2108 620 2192 Scipio
633 2111 758 2174 hastam
771 2130 789 2173 e
800 2109 927 2193 gurgite
945 2111 1057 2192 arripit
1069 2117 1128 2188 (vs.
1140 2111 1202 2175 629
1215 2108 1340 2192 sqq.)1),

221 2212 267 2276 ita
289 2210 433 2274 Achilles
455 2211 602 2276 lanceam
625 2213 744 2275 frustra
759 2213 909 2276 emissam
933 2231 972 2275 er
988 2231 1108 2294 aggere
1131 2213 1220 2294 ripae
1240 2211 1341 2274 trahit

222 2319 281 2384 (νε.
300 2314 389 2394 200),
412 2319 447 2375 ut
465 2312 572 2394 Scipio
590 2313 704 2376 molem
721 2331 875 2393 aquarum
891 2315 1063 2377 irruentem
1080 2314 1183 2396 clipeo
1199 2316 1340 2377 sustinet

222 2425 282 2488 (νε.
300 2411 385 2496 652),
409 2412 454 2474 ita
469 2412 501 2474 in
518 2413 631 2477 Iliadis
648 2433 693 2478 νε.
708 2415 768 2480 241
794 2409 881 2478 ὤθει
897 2415 923 2478 d’
940 2421 974 2479 du
997 2413 1091 2480 σάκεϊ
1111 2419 1242 2479 πίπτων
1262 2411 1339 2498 ῥόος
1459 2420 1460 2455 l

220 2514 350 2596 legitur3
367 2513 395 2578 si
406 2511 544 2578 flammis
559 2515 691 2579 Vulcani
703 2515 840 2580 Trebiae
853 2530 965 2580 cursus
977 2517 1088 2580 haeret
1099 2517 1225 2602 (νε.691
1241 2518 1337 2599 squ),

222 2615 282 2682 hoc
303 2616 477 2700 respondet
500 2616 537 2695 ei,
571 2616 654 2698 quod
677 2618 835 2682 Homerus
867 2618 907 2682 de
930 2619 1130 2684 Scamandro
1160 2619 1238 2682 dicit
1268 2616 1337 2682 orid’

223 2714 324 2782 ἔθελε
346 2723 526 2804 reportassent,
550 2715 619 2782 ἀλλ’
642 2717 753 2804 ἴσχετο
776 2721 836 2800 (νε.
859 2721 935 2803 366)
958 2729 991 2785 et
1011 2721 1038 2784 si
1054 2720 1193 2803 denique
1209 2720 1338 2783 veniam

222 2819 345 2902 petenti
379 2820 563 2884 conceditur
596 2821 695 2905 ,ripas
718 2841 848 2886 serrare
876 2823 1007 2905 priores’
1037 2825 1098 2902 (νε.
1121 2820 1206 2904 697),
1240 2822 1337 2886 etiam

222 2921 380 2985 Homerus
403 2941 497 2986 versu
521 2923 610 3003 (382)
636 2918 790 3012 ἄψορρον
812 2925 840 2987 δ’
857 2919 921 3008 ἄρα
944 2927 1030 3008 κῦμα
1052 2930 1236 2990 κατέσσυτο
1253 2919 1338 2988 καλὰ
1459 2996 1460 2999 ¹

222 3023 348 3109 ῥέεθρα
398 3022 493 3086 finem
546 3025 631 3090 facit.
696 3027 790 3108 Ipsos
842 3025 994 3102 honores,
1046 3046 1125 3107 quos
1174 3024 1336 3088 Hannibal

219 3126 279 3201 (νε.
313 3125 494 3208 700-703)
537 3125 674 3190 Trebiae
710 3128 770 3191 deo
805 3129 837 3191 in
872 3127 1011 3192 studium
1042 3129 1220 3192 Poenorum
1261 3146 1336 3210 pro·
1453 3176 1458 3199 .

222 3224 316 3308 pensi
344 3245 401 3288 ara
429 3234 590 3292 exstructa
611 3229 729 3306 tribuit,
759 3229 844 3310 quod
872 3229 1003 3312 ineptiis
1039 3228 1226 3293 histrionum
1263 3246 1337 3291 con-

222 3325 405 3392 venientius
428 3345 524 3407 quam
547 3330 722 3407 severitati,
745 3331 935 3412 prudentiae
959 3341 990 3394 et
1005 3331 1140 3394 oonsilio
1155 3332 1336 3394 Poenorum

223 3428 313 3493 ducis
337 3427 445 3492 fictum
470 3436 529 3506 est,
552 3449 720 3511 sacrorum,
751 3449 833 3513 quae
856 3432 958 3496 Troes
989 3433 1187 3497 Scamandro
1216 3433 1338 3497 faciunt
1459 3436 1460 3445 ’

223 3528 285 3612 (Φ,
309 3531 367 3594 131
393 3528 454 3614 sq.)
488 3532 649 3594 mentione
684 3540 786 3597 motus
821 3536 903 3597 tbrte
931 3543 1020 3615 poeta
1050 3535 1164 3616 posu-it.
1216 3533 1336 3597 Contra

222 3629 330 3693 minas
354 3631 524 3714 Scipionis,
553 3649 588 3696 se
611 3633 760 3697 Trebiam
784 3636 815 3698 in
839 3635 990 3718 parvulos
1018 3641 1103 3699 rivos
1127 3635 1336 3700 dissectarum

225 3729 395 3812 fontesque
417 3731 485 3796 eius
508 3734 741 3798 obstructurum
765 3755 838 3800 esse
859 3735 919 3821 (νε.
936 3737 998 3801 642
1022 3737 1105 3818 sqq.)
1131 3737 1284 3801 facillime
1308 3747 1337 3800 et

225 3831 344 3912 optime
359 3851 399 3896 cx
413 3831 567 3900 Herodoti
582 3837 766 3900 narratione
789 3837 827 3920 (Ι,
853 3840 912 3905 189
928 3840 972 3904 of.
989 3841 1050 3904 202
1077 3847 1109 3902 et
1125 3839 1159 3919 V,
1175 3839 1242 3921 52),
1259 3859 1335 3921 quo-

332 4059 359 4127 1)
379 4059 412 4112 cl.
437 4059 506 4118 Stat.
530 4062 614 4120 Theb.
638 4062 683 4127 lx,
702 4061 755 4118 303
779 4080 819 4133 sq.
844 4065 908 4130 ‚tela
937 4065 1060 4118 natantia
1086 4067 1198 4136 raptans
1225 4064 1336 4132 ingerit’

224 4149 271 4218 (sc.
292 4147 478 4217 Hippomedon
496 4149 525 4202 in
543 4150 671 4220 flumine).
1178 4162 1180 4167 ·
