2936 4718
625 355 667 420 35

57 539 207 611 XVlll,
229 539 250 603 6
270 539 289 622 5
313 536 382 620 121)
404 546 437 603 et
457 537 544 622 XlX,
568 538 713 623 13102).
759 538 800 603 Et
814 537 926 606 Silium
942 540 1052 623 Trogi,
1074 561 1094 604 a
1116 541 1207 605 ouius

60 649 190 704 morte
213 640 314 724 ipsius
336 640 463 705 natales
487 639 574 705 haud
597 640 695 706 multo
719 640 824 724 spatio
840 643 984 722 aberant,
1007 641 1205 725 Philippicas

64 745 233 807 manibus
249 760 396 807 versasse
408 761 472 805 non
489 742 584 808 modo
604 742 700 826 paulo
712 751 787 806 ante
799 749 843 829 (p.
855 745 895 809 31
908 745 1017 810 adnot.
1029 743 1063 829 3)
1075 743 1206 808 memini

67 863 157 909 esse
166 842 361 919 verisimile,
372 844 533 909 sedetiam
548 844 633 908 inira
645 843 856 910 luculentiore
868 847 1016 930 exemplo
1028 846 1205 910 illustrabo.

67 945 167 1010 Tum
193 944 322 1010 Curtius
345 946 398 1023 IV,
421 947 441 1011 3
463 946 483 1029 ἕ
504 947 546 1012 23
575 947 714 1012 Saturno
737 946 862 1011 nobiles
883 967 1000 1030 pueros
1023 947 1207 1014 sacrificare

70 1047 407 1132 Carthaginiensibus
440 1067 542 1130 usque
573 1047 614 1112 ad
647 1048 786 1113 deletam
820 1049 929 1113 urbem
962 1049 994 1134 in
1022 1070 1082 1114 usu
1105 1051 1207 1115 fuisse

68 1151 221 1216 adnotat
243 1158 275 1216 et
297 1149 421 1214 Plinius
443 1149 481 1214 N.
505 1148 544 1212 H.
566 1149 710 1216 XXXVI.
736 1151 794 1214 eb
815 1150 834 1233 g
856 1150 898 1215 39
919 1150 1207 1216 statuoeHeroulis

67 1251 284 1318 mentionem
316 1251 411 1331 fauit,
447 1251 497 1328 ,ad
519 1270 612 1334 quem
635 1252 735 1316 Poeni
765 1252 912 1318 omnibus
943 1254 1038 1318 aunis
1066 1253 1208 1318 humana

69 1355 351 1421 sacrificaverant
372 1353 518 1419 viotimd!
563 1352 654 1431 Quod
679 1352 795 1419 deiude
812 1355 906 1423 llnuii
929 1375 1057 1421 versum
1080 1356 1206 1434 attinet,

73 1457 176 1521 nullo
201 1457 295 1522 modo
318 1475 357 1520 ex
380 1475 419 1520 eo
442 1455 514 1520 elini
536 1457 653 1538 potest,
676 1475 750 1518 num
775 1456 817 1519 ad
840 1457 947 1536 talem,
970 1457 1097 1539 qualem
1121 1456 1206 1540 apud

77 1558 201 1624 Silium
223 1557 370 1639 legimus,
393 1557 611 1622 narrationem
635 1557 835 1639 pertinuerit,
859 1579 899 1622 au
923 1578 992 1624 mos
1015 1560 1117 1624 obiter
1140 1567 1206 1624 tan·

77 1669 152 1724 tum
176 1667 279 1724 taetus
303 1661 354 1724 sit.
398 1660 546 1742 Denique
569 1679 610 1723 ne
633 1658 673 1723 de
692 1661 755 1723 ritu
770 1660 899 1742 quidem
915 1660 1026 1725 horum
1043 1680 1207 1725 sacrorum

77 1762 203 1828 Silium
225 1761 405 1829 auouratius
428 1763 598 1845 quiequam
620 1779 715 1844 quam
739 1762 821 1826 alios
837 1761 942 1827 lonter
960 1781 999 1826 ex
1014 1762 1207 1845 antiquitate

79 1864 181 1928 nobis
203 1872 347 1930 servatos
363 1874 559 1946 compertum
574 1863 726 1928 habuisse
742 1863 889 1928 concludi
901 1863 986 1928 lieet.
1030 1864 1114 1930 Nam
1131 1865 1207 1930 falsi

85 1973 166 2029 sunt
188 1966 344 2030 (lesenius
378 1965 506 2047 (Ersuh.
537 1972 569 2029 et
594 1965 689 2030 Gruh.
713 1962 887 2047 Eneyelop.
909 1974 986 2030 seut.
1009 1967 1034 2044 Ι,
1057 1973 1133 2031 tom.
1156 1968 1208 2047 21,

85 2087 119 2150 p.
146 2067 207 2132 100
227 2068 333 2131 adnot.
356 2067 412 2152 48)
445 2079 477 2132 et
500 2067 626 2131 Movers
660 2065 712 2147 (ib.
735 2077 812 2131 sset.
835 2065 891 2144 ΙΙΙ,
923 2073 996 2131 tom.
1019 2069 1070 2136 24.
1093 2085 1121 2149 p.
1144 2067 1208 2132 420

85 2171 165 2234 adu.
187 2170 250 2248 92),
279 2188 393 2234 nume
428 2187 523 2234 versu
547 2168 637 2251 768³)
672 2167 770 2247 ,Urna
803 2167 975 2231 reducebat
1004 2167 1207 2232 miserandus

84 2291 196 2335 annua
219 2269 318 2336 easus’
347 2279 512 2354 eruerent,
546 2279 632 2336 sorte
657 2271 696 2334 de
723 2268 899 2334 infantibus
922 2268 1128 2334 victimandis
1151 2269 1207 2332 de-

83 2383 208 2438 eretum
237 2392 318 2438 esse.
364 2373 468 2438 Verba
495 2372 601 2455 potius
631 2371 673 2435 ad
708 2370 864 2453 suffragia
897 2379 1057 2453 spectant,
1094 2369 1207 2454 quibus
1253 2371 1255 2377 ’

87 2475 178 2539 ouius
200 2493 282 2540 neae
305 2474 349 2538 dii
372 2475 524 2556 placandi
547 2484 673 2556 essent,
708 2472 967 2556 significabatur,
997 2482 1029 2538 et
1050 2473 1097 2538 nil
1120 2472 1207 2537 aliud

88 2579 198 2644 valent
226 2597 323 2662 quam
347 2575 543 2639 Diodoreum
574 2579 823 2662 ,προκρίναντες
844 2576 984 2639 ἔθυσαν1
1016 2574 1049 2653 (l.
1073 2597 1100 2640 e.
1122 2578 1143 2656 ξ
1166 2576 1208 2656 5).

89 2679 238 2761 Alioquin
263 2677 414 2742 Hannoni
447 2677 566 2742 tiduuia
599 2677 714 2742 deesse
746 2676 854 2740 debuit
885 2675 990 2758 ipsam
1016 2676 1207 2740 Hannibalis

89 2779 148 2844 filii
173 2789 289 2844 sortem
314 2799 387 2844 esse
410 2780 576 2844 exituram.

559 2935 596 2998 V.
620 2934 733 2998 7-23,

293 3040 337 3110 lla
359 3039 487 3126 orlqtne
508 3038 724 3110 lrasuorannt
748 3038 840 3109 taeus
864 3037 1016 3109 nominis.

194 3161 221 3224 Ε
250 3161 329 3224 libro
363 3163 472 3243 quinto
503 3179 612 3224 rursus
642 3169 789 3241 quattuor
816 3169 924 3243 partes
948 3160 1104 3239 indicabo,
1127 3178 1207 3243 quae

195 3335 222 3404 1)
242 3334 276 3389 ol.
296 3333 372 3391 Oros.
391 3332 439 3397 1v‚
454 3335 478 3398 6,
499 3352 524 3404 p.
537 3334 589 3390 225
609 3333 723 3391 Havere,
743 3350 813 3397 ,oum
832 3335 904 3388 inter
922 3340 1015 3390 estora
1034 3335 1106 3388 mala
1124 3335 1207 3388 etiam

93 3424 248 3495 pestilentia
271 3423 434 3479 laborarent‘
454 3425 503 3491 (so.
528 3422 788 3491 Carthaginienses),
818 3423 982 3488 ,homicidiis
1007 3439 1055 3494 pro
1079 3423 1206 3477 remediis

94 3514 135 3568 usi
152 3516 229 3578 sunt;
257 3514 354 3582 quippe
377 3513 500 3568 homines
524 3515 556 3566 ut
580 3513 704 3566 viotimus
723 3513 900 3566 immolabunt
922 3514 1094 3580 aetatemque
1118 3511 1206 3581 impu·

94 3602 179 3657 berem
198 3643 204 3656 .
224 3645 230 3658 .
251 3645 256 3659 .
277 3602 331 3655 aris
353 3601 537 3655 admovebant’
566 3603 595 3655 et
611 3599 656 3662 IV,
675 3601 718 3669 21,
737 3617 762 3668 p.
782 3600 834 3655 278
853 3601 964 3657 flavere.
990 3597 1208 3668 ‚Carthaginien-

97 3691 167 3746 sibus
186 3690 331 3760 aliquundo
350 3692 439 3744 uisum
458 3694 502 3744 ost
520 3687 641 3743 homines
660 3689 817 3744 immolare'.

196 3779 223 3846 2)
241 3777 273 3833 uf.
304 3777 390 3833 Blass.
415 3794 478 3834 ann.
497 3777 627 3832 Fleuksis.
653 3778 724 3833 1874
746 3795 773 3847 p.
792 3777 854 3844 508,
877 3775 924 3830 uhi
950 3779 1089 3846 praeterea
1112 3777 1209 3833 laudat

97 3867 168 3922 Diod.
186 3865 260 3932 XIII,
280 3867 322 3922 86.
343 3867 401 3931 XX,
420 3868 455 3922 65
474 3870 509 3934 st,
528 3871 558 3921 ut
576 3865 767 3928 Baehrensius‚
786 3881 863 3935 quam
882 3863 1006 3933 exempla
1023 3865 1095 3934 apud
1112 3883 1207 3936 prosae

99 3955 237 4025 sun'ptores
255 3955 333 4010 obvia
351 3955 455 4024 fugisse
475 3955 606 4022 videntur,
620 3955 745 4010 Bursian.
760 3954 900 4010 relatiunn.
915 3967 977 4010 ann.
990 3952 1011 4022 l,
1024 3954 1095 4009 1873
1107 3972 1133 4024 p.
1147 3955 1208 4021 216,

99 4042 233 4097 Dracontii
250 4059 342 4098 versus
360 4045 392 4108 V,
412 4046 464 4104 148
483 4061 542 4114 sqq.
562 4045 652 4101 Duhn.

195 4130 222 4201 3)
241 4129 362 4203 Uterque
380 4133 411 4187 in
429 4149 538 4187 numero
557 4132 697 4188 afferendo
718 4134 818 4196 errant,
837 4146 897 4184 oum
917 4129 1020 4185 illaad
1039 4131 1086 4189 sit.
1105 4131 1153 4203 IV,
1165 4133 1207 4198 77,

98 4221 139 4274 hio
155 4219 187 4274 ud
205 4217 255 4274 Sil.
275 4218 319 4287 lv,
339 4222 388 4278 771
409 4225 544 4291 prorooet.
