2908 4724
796 335 836 402 76

254 523 288 587 iu
311 521 526 586 Taurinorum
556 520 673 588 tinibus
702 520 910 586 tabernaculo
935 521 1077 587 tendunt.
1122 522 1198 586 lloe
1225 519 1335 586 Silius
1359 527 1388 583 et

254 624 361 708 ipsum
382 643 401 688 e
424 623 529 690 uerbis
552 621 636 688 Livii
659 631 700 699 (c.
715 624 757 691 38
775 624 844 705 §bt
867 621 1045 702 ‚Taurini
1069 623 1203 690 Galliac
1230 640 1388 706 proxuma

253 734 335 810 gens
367 733 440 790 erut
471 724 504 790 in
537 725 667 791 ltaliam
698 724 863 808 degresso'
895 724 1086 808 desumpsit.
1128 726 1257 808 Itaque
1283 723 1322 788 in
1349 744 1388 803 re,

255 847 351 911 quum
377 827 434 891 ille
468 826 552 892 iuter
581 836 728 894 unctores
755 835 903 892 censure
928 826 1068 906 dixerat,
1104 826 1388 911 acquiescendum

255 949 329 997 esse
344 938 443 999 ratus.
456 947 552 1012 quum
568 928 741 994 manifeste
756 948 794 994 eu
810 949 883 996 cum
896 929 965 996 reri
979 929 1192 994 similitudine
1210 938 1388 1012 pugnaret,

254 1051 319 1100 non
342 1031 436 1097 vtulr.
476 1029 557 1095 lium
573 1051 608 1095 re
623 1051 700 1097 vera
710 1031 925 1096 Hannibalern
938 1031 1099 1098 Taurinos
1114 1034 1248 1114 primos
1266 1032 1388 1096 adiisse

254 1136 308 1201 vix
341 1133 535 1199 credendum
567 1140 632 1212 est,
667 1153 740 1198 cum
762 1133 921 1198 ‘Puuriuos
948 1135 979 1197 ci
1005 1131 1142 1198 infestos
1175 1134 1295 1199 fuisse
1323 1135 1388 1216 ipse

255 1237 366 1302 Livius
389 1256 415 1301 o.
439 1236 480 1303 39
503 1233 753 1314 trecasenae,
781 1235 971 1300 Insubres
994 1245 1111 1315 nutem,
1134 1255 1282 1319 quorum
1309 1235 1386 1298 lines

254 1340 376 1422 priuos
399 1338 552 1422 Polybius
574 1340 617 1414 (c.
637 1336 681 1403 56
703 1339 723 1417 ἕ
745 1335 781 1422 3)
802 1356 876 1403 eum
898 1338 1079 1420 ingressum
1094 1338 1184 1418 fucit,
1212 1340 1288 1404 ium
1304 1357 1334 1402 c.
1348 1336 1387 1400 25

254 1443 396 1523 §nepe
418 1440 545 1503 Poenos
569 1459 641 1504 mox
665 1440 858 1505 adventuros
881 1459 954 1505 esse
976 1440 1049 1505 freti
1067 1447 1163 1505 'erma
1185 1451 1314 1506 contro
1328 1439 1383 1502 Ro·

180 1551 193 1574 ·
254 1560 367 1609 munus
387 1540 571 1626 ceperint.¹)

598 1698 654 1784 lv,
678 1698 813 1780 1-3543
842 1699 1019 1764 401-479.

650 1803 761 1894 Pnpun
779 1801 975 1876 Tlclnunsls.

360 1925 486 1990 Primus
515 1925 586 1990 libri
615 1925 718 2008 quarti
749 1924 853 2008 locus,
882 1925 922 1990 de
944 1944 1005 2007 quo
1027 1925 1264 2008 disputandum
1291 1919 1378 1988 nobis

254 2034 314 2110 est,
336 2027 537 2112 amplectitur
561 2046 673 2092 versus
696 2028 829 2094 1-354.
878 2029 999 2093 Horum
1020 2026 1112 2092 initio
1134 2037 1297 2110 quantum
1324 2035 1376 2087 ter·

253 2148 358 2196 rorem
381 2129 499 2212 populo
514 2129 658 2193 Romano
682 2130 811 2194 nuntius
833 2130 875 2198 de
890 2129 1026 2213 Alpibus
1041 2149 1062 2192 a
1076 2127 1193 2193 Poenis
1211 2121 1377 2210 superatis

253 2232 408 2306 iniecerit,
442 2234 478 2296 ut
510 2231 623 2301 anxins
649 2232 869 2314 musisque
894 2232 936 2303 ut
964 2231 1030 2304 tuln
1055 2229 1254 2312 moeniaque
1287 2244 1377 2309 repn-

254 2332 357 2401 rauca
376 2331 552 2403 rmurrcrit
574 2340 606 2397 et
628 2332 737 2399 omniu
759 2352 818 2398 suu
840 2353 879 2398 ex
901 2331 988 2416 agris
1011 2332 1043 2396 iu
1066 2341 1168 2398 tutum
1188 2331 1284 2398 urbis
1309 2345 1377 2392 con·
1427 2356 1428 2384 t

251 2436 376 2520 fugium
405 2434 580 2518 collegerit,
603 2432 756 2498 describit
779 2445 874 2518 poete
903 2437 984 2519 (ves.
1008 2433 1134 2517 1-32).
1179 2433 1269 2500 Sunt
1293 2427 1374 2509 cogi·
1427 2431 1428 2485 l

252 2539 408 2615 tutunus,
442 2535 553 2620 quoles
588 2533 684 2600 facile
718 2535 782 2600 vim
816 2536 939 2602 timoris
968 2536 1154 2620 depingenti
1187 2533 1375 2604 obveniunt

254 2659 388 2726 quarum
426 2650 534 2706 tumen
571 2637 612 2702 ud
650 2636 825 2705 reficienda
854 2657 945 2704 arma
967 2647 1151 2722 spectantes
1183 2657 1248 2704 nou
1276 2626 1373 2703 semel

254 2750 377 2813 tuntum
401 2741 548 2806 alludunt
568 2739 612 2804 ad
633 2739 729 2806 statii
753 2738 851 2805 Theb.
876 2739 935 2820 111,
960 2740 1024 2808 580
1045 2759 1114 2824 sqq.
1142 2749 1174 2806 et
1199 2737 1372 2824 praecipue

254 2845 368 2914 urbib.
391 2845 417 2924 1,
438 2845 618 2926 412-437,
640 2841 725 2926 qnod
747 2843 831 2908 iuter
853 2851 978 2910 ceteras
1008 2843 1222 2910 mutuationes
1246 2863 1269 2906 a
1291 2853 1370 2904 com·

255 2947 486 3012 mentatcribus
499 2947 741 3014 animadversas
751 2963 815 3008 non
828 2944 1013 3012 adnotatum
1025 2945 1195 3026 iuvenic.²)
1222 2945 1372 3012 Ceterum

254 3144 351 3202 πέτρας
367 3135 546 3198 κατατέμνων.
583 3127 622 3190 Id,
641 3127 714 3196 quod
734 3127 898 3194 Heynncher.
918 3126 994 3197 (diss.
1012 3145 1038 3196 p.
1057 3129 1092 3182 23
1112 3148 1141 3176 =
1155 3144 1246 3197 progr.
1272 3146 1299 3196 p.
1321 3117 1371 3189 21).

256 3222 355 3278 Silium
374 3220 402 3273 et
420 3218 528 3271 Livium
547 3232 600 3271 uon
619 3217 685 3269 item
703 3231 735 3269 cc
753 3215 902 3284 Polybium,
921 3217 1086 3286 Appianum,
1104 3216 1235 3271 Zcuurum
1255 3225 1368 3272 commo·

256 3325 378 3368 moresne
401 3305 499 3360 scribit
517 3303 700 3359 Hannibalern
722 3304 778 3358 ium
801 3305 893 3373 inopie
915 3321 1035 3375 pressum
1059 3305 1240 3370 emeterius
1265 3298 1370 3373 quidem

256 3398 327 3465 XXI,
347 3413 369 3452 c.
389 3396 423 3450 37
441 3395 457 3463 ξ
474 3396 494 3449 4
510 3394 585 3448 hisce
601 3392 753 3448 munnae
764 3394 905 3456 ,iumentis
923 3408 1004 3464 prope
1024 3394 1110 3449 furno
1128 3395 1286 3456 absumptis.

363 3484 390 3554 1)
409 3483 444 3541 cl.
463 3482 661 3537 Weissenborn.
681 3481 715 3534 ud
735 3497 757 3538 c.
779 3481 813 3536 88
831 3481 848 3551 ὅ
866 3483 884 3537 6
900 3485 931 3537 ot
948 3498 973 3540 o.
992 3483 1027 3538 88
1043 3483 1061 3552 fi
1080 3485 1157 3538 1-2.

362 3575 390 3640 n)
410 3573 488 3628 uuo
520 3571 593 3624 curn
621 3569 786 3625 nunnus
816 3571 899 3631 reric,
931 3571 995 3628 roes.
1025 3571 1109 3630 nonu
1138 3571 1256 3641 185er
1287 3588 1310 3639 p.
1336 3558 1370 3615 ll

256 3664 300 3731 (z
321 3677 410 3732 opusc.
429 3660 470 3714 111
488 3677 513 3730 p.
531 3659 604 3729 383).
639 3657 762 3716 sutum
781 3660 957 3725 ‚imiteturern
975 3659 1044 3716 Silii’
1063 3662 1183 3730 mullet
1202 3666 1231 3714 et
1250 3654 1368 3713 firmia

256 3767 318 3808 nnn.
349 3749 483 3807 Fleckeiu
516 3749 586 3806 1874
608 3764 633 3818 p.
660 3748 714 3804 498
741 3752 770 3803 et
795 3749 848 3804 505
876 3765 916 3818 sq.
943 3750 972 3803 in
998 3749 1112 3806 usum
1138 3750 1302 3807 muntem
1329 3743 1368 3795 ir·

256 3841 345 3902 cliuet.
367 3843 460 3893 tumen
485 3855 539 3892 non
564 3836 776 3892 obliviscendum
795 3842 845 3899 est,
866 3837 935 3907 quod
946 3839 1017 3894 idem
1035 3839 1120 3895 Bless.
1139 3839 1157 3893 l.
1173 3854 1198 3895 e.
1210 3837 1302 3906 μω)
1313 3841 1364 3899 tlt·

256 3933 363 3998 mouet,
384 3928 416 3982 in
436 3927 527 3996 postis
548 3926 709 3992 eccultus
730 3925 905 3991 difficillime,
927 3928 989 3998 quis
1013 3941 1091 3998 quum
1114 3932 1180 3982 ente
1209 3925 1302 3982 senine
1324 3920 1365 3972 ht·

256 4017 353 4082 buerit¹
373 4032 433 4071 esse
457 4014 670 4080 dimlioeuduur.
706 4014 745 4070 Et
767 4015 840 4070 inire
867 4017 976 4087 quidun
1005 4015 1156 4085 exemplum
1182 4032 1289 4086 porrum.
1313 4003 1363 4072 nbi

256 4105 387 4178 siquidem
414 4105 485 4158 nnio
512 4104 585 4160 inter
612 4104 685 4160 locos
708 4102 790 4158 Stetii
806 4109 847 4160 et
867 4105 929 4160 eriri
952 4105 992 4160 ibi
1014 4103 1191 4173 proferendos
1217 4095 1364 4216 interce&-

258 4197 305 4254 hle
322 4196 413 4266 potins
432 4192 508 4248 inm
527 4190 635 4248 uidetm
651 4191 809 4262 respexisse
