2936 4718
816 312 858 379 52

709 499 768 577 nn,
791 500 988 600 ana-414.¹

656 601 834 691 catalenus
856 603 1034 691 copiarum.

389 723 541 806 Sequitur
557 724 723 808 catalogus
740 725 902 808 copiarum
920 722 1250 807 Carthaginiensium
1277 727 1425 792 versibus

279 825 450 890 222-414
472 826 655 910 inclusus,¹)
678 846 772 909 quem
793 827 947 890 Kortuem
971 827 1093 908 (gesch.
1116 827 1268 893 Forsch.
1297 848 1334 912 p.
1359 827 1425 908 215)

282 930 366 1010 ,eine
391 935 537 992 husserst
558 928 807 1010 sorgfaltige
837 928 1026 994 Ucbersieht
1052 929 1109 993 der
1139 931 1189 994 thr
1227 929 1423 994 Hannibali

281 1027 455 1093 Heerfahrt
489 1029 720 1115 beitragenden
744 1029 983 1095 Landsohal'ten
1016 1031 1081 1095 und
1117 1031 1242 1097 Studte
1286 1030 1421 1096 Afrikas

283 1132 343 1194 wie
366 1131 576 1214 Hispaniens’
602 1152 674 1197 esse
697 1133 865 1196 existimat.
909 1133 973 1198 Sed
997 1132 1054 1196 illa
1082 1134 1256 1199 accuratio
1285 1132 1421 1198 nonita

285 1233 366 1297 hene
390 1254 425 1297 se
449 1234 554 1300 habet.
599 1234 886 1316 Nampopulorum
904 1235 1013 1299 tabula
1034 1256 1099 1299 non
1121 1235 1220 1305 modo
1250 1255 1327 1300 non
1354 1253 1417 1297 cnm

282 1337 416 1412 ratione,
441 1336 618 1400 sedetiam
643 1357 713 1400 eum
741 1335 838 1400 certis
868 1335 1060 1401 testimoniis
1088 1346 1224 1420 pugnat.
1281 1337 1338 1402 Ac
1362 1335 1436 1418 pri-¹

281 1457 366 1501 mum
383 1437 511 1520 quidem
528 1438 685 1522 quomodo
701 1437 986 1519 Carthaginienses
998 1439 1208 1522 Aethiopibus
1226 1441 1298 1522 (vs.
1313 1435 1412 1520 abac)
1435 1429 1436 1442 ¹

279 1548 313 1602 ct
343 1537 456 1604 Nubiis
491 1554 552 1613 (vs.
586 1539 663 1624 269)
696 1540 815 1604 milites
849 1541 1008 1623 imperare
1041 1541 1213 1623 potuerint,
1258 1538 1436 1621 intellegi

280 1641 399 1722 nequit.
442 1641 528 1706 Nam
550 1641 656 1717 vallis,
684 1661 742 1725 per
774 1661 869 1724 quam
912 1639 1004 1707 Nilus
1030 1642 1110 1724 fluit,
1141 1652 1173 1707 et
1202 1643 1407 1728 Abyssiniae

282 1741 445 1823 iugulato
469 1742 630 1807 vastitatis
654 1742 898 1827 solitudinisque
914 1743 1015 1808 limite
1037 1765 1058 1808 a
1076 1745 1232 1810 tractibus
1257 1742 1407 1810 fecundis
1435 1773 1436 1776 ¹

280 1863 380 1930 prope
415 1845 526 1930 Syrtes
562 1843 642 1924 sitis,
680 1845 732 1908 uhi
770 1837 1083 1928 Carthaginiensium
1117 1846 1199 1912 fines
1235 1847 1403 1930 patebant,

280 1946 439 2030 dirempta
468 1956 501 2011 et
530 1947 638 2011 arduis
667 1933 826 2012 montibus
855 1945 1056 2012 occidentem
1083 1967 1194 2014 versus
1224 1948 1404 2014 terminata

280 2060 363 2114 sunt.
407 2049 570 2131 Regiones
593 2048 669 2114 illae
702 2049 808 2134 potius
842 2049 906 2112 situ
928 2068 986 2114 suo
1008 2050 1163 2113 orientem
1187 2050 1400 2136 prospiciunt

279 2171 340 2215 nee
362 2150 533 2216 defuerunt
554 2152 638 2215 inter
659 2160 795 2229 veteres,
819 2151 875 2234 qui
897 2150 999 2233 ripam
1023 2161 1109 2216 certe
1123 2149 1189 2216 Nili
1205 2151 1401 2218 orientalem

278 2253 319 2316 ad
341 2254 452 2317 Asiam
486 2253 647 2336 pertinere
679 2249 886 2336 censerent.³)
934 2254 1045 2337 Itaque
1079 2253 1175 2317 etiam
1205 2253 1325 2336 magni
1357 2247 1398 2314 illi

239 2414 245 2426 „
277 2354 510 2438 Aegyptiorum
525 2373 629 2436 reges,
645 2354 837 2432 Thutmosis
854 2356 1063 2446 amenophis,
1074 2356 1220 2436 Ramses,
1232 2357 1398 2422 Psamme·

278 2455 383 2519 tiehus
399 2455 512 2539 Syriae
534 2463 566 2519 et
581 2455 783 2522 Palaestinae
807 2457 890 2520 bella
907 2457 1090 2537 intulerunt,
1115 2466 1157 2540 ut,
1179 2479 1250 2524 cum
1276 2458 1319 2522 ab
1344 2455 1395 2518 hae

278 2564 370 2641 parte
393 2569 547 2640 perpetuo
570 2557 746 2642 periculum
771 2558 937 2622 imminere
959 2559 1115 2632 viderent,
1143 2560 1234 2642 quasi
1260 2575 1394 2644 propug-

278 2658 395 2722 nacula
416 2667 529 2724 eontra
552 2679 652 2744 rcgna
675 2661 827 2744 potentia,
856 2680 987 2744 quorum
1016 2660 1111 2726 sedes
1133 2661 1175 2724 ad
1197 2661 1391 2746 Euphraten

279 2759 464 2846 Tigrimque
489 2768 568 2844 erat,
600 2762 659 2827 sibi
682 2771 839 2846 parerent.
883 2762 950 2827 Nec
964 2763 1163 2829 levissimam
1188 2783 1238 2828 res
1255 2764 1390 2828 Pharao·

278 2882 353 2926 num
378 2883 435 2947 per
467 2870 514 2929 tot
550 2864 681 2929 saecula
713 2872 806 2930 actae
829 2864 1043 2948 suspicionem
1077 2864 1200 2930 faciunt
1227 2857 1389 2930 fuissetis

385 3112 412 3181 1)
431 3110 508 3176 Quod
528 3111 601 3166 hunc
620 3108 769 3176 Sieglinius
788 3109 841 3162 Die
860 3105 957 3164 Chrou.
976 3108 1001 3164 d
1021 3107 1114 3178 Belag.
1133 3125 1159 3168 r.
1177 3109 1298 3178 Saguut.
1315 3125 1341 3178 p.
1359 3103 1389 3158 34

275 3200 338 3258 Silii
358 3200 480 3256 versibus
497 3196 547 3265 ΙΙΙ,
560 3199 703 3254 406-409
723 3198 818 3252 citatis
838 3214 900 3251 cum
917 3213 1030 3252 recensu
1044 3200 1180 3266 copiarum
1195 3214 1237 3269 ap.
1250 3197 1311 3254 Liv.
1321 3189 1386 3270 XXI,

278 3293 311 3348 21
331 3291 552 3360 recomparans
572 3287 605 3341 ad
625 3293 739 3355 tempus.
760 3301 812 3354 quo
832 3285 971 3340 Hannibal
984 3285 1105 3340 Gadibus
1123 3287 1291 3353 versabatur,
1309 3285 1386 3339 retra-

278 3381 331 3444 hit,
351 3397 402 3435 non
422 3377 573 3434 observavit
592 3375 689 3429 Silium
708 3375 726 3430 l.
740 3375 758 3429 Ι.
772 3373 805 3429 de
824 3375 944 3430 exercitu
961 3375 1017 3428 iam
1035 3376 1089 3429 iter
1101 3375 1219 3430 faciente
1238 3375 1322 3446 loqui.

387 3467 415 3536 2)
434 3465 478 3522 Ne
496 3481 559 3520 vero
578 3463 612 3518 ad
624 3463 773 3532 Aethiopes
793 3461 976 3516 occidentales
994 3480 1157 3536 quamquam
1176 3479 1192 3516 a
1210 3465 1304 3518 multis
1322 3471 1384 3515 eom·

279 3559 449 3622 memoratos,
470 3557 561 3610 tamam
580 3552 671 3606 minus
691 3555 770 3606 notos
788 3552 902 3621 ideoque
914 3568 931 3604 a
945 3551 1034 3606 Statio
1046 3551 1132 3606 Theb.
1145 3551 1177 3617 X,
1190 3551 1226 3607 85
1238 3551 1383 3616 ,Aethiopas

277 3643 355 3700 elloe’
375 3643 527 3700 nominatos
546 3639 698 3696 intendisse
716 3644 824 3711 poetam
842 3641 985 3710 quisquam
1004 3644 1090 3710 putet,
1110 3639 1195 3696 Silius
1213 3641 1272 3710 ipss
1282 3640 1382 3708 gentem

278 3731 350 3802 ‚Nilo
368 3730 441 3786 haud
470 3729 648 3798 incognitam'
679 3729 838 3798 appellando
869 3743 928 3782 earn
956 3729 1150 3797 cogitationem
1178 3728 1310 3793 excludit;
1336 3718 1381 3778 nui

277 3819 337 3891 quis
355 3817 424 3874 lorts
443 3835 505 3872 eum
522 3823 555 3872 ut
572 3817 740 3872 Herodotum
759 3817 852 3886 (11,31
871 3817 941 3889 sqq.)
959 3818 1031 3872 huuc
1047 3816 1160 3870 flurium
1178 3832 1239 3871 curn
1256 3822 1379 3886 eo,queu1

279 3907 393 3974 Nigrum
418 3907 500 3964 hodie
524 3921 659 3969 vocamus,
682 3904 836 3960 contudisse
858 3905 961 3964 credat.
999 3905 1130 3959 Similiter
1156 3910 1249 3960 auum
1266 3906 1379 3960 Lucanus

278 3993 339 4066 (ΙΙΙ,
359 3995 424 4066 253)
443 3993 590 4064 Aethiopes
609 3995 741 4049 militibus
759 4009 807 4064 pro
826 3987 952 4064 Pompeio
970 3992 1132 4062 conscriptis
1151 3995 1286 4054 attribuit

383 4084 411 4154 3)
431 4083 466 4140 ol.
486 4081 613 4139 Herodet.
633 4082 719 4152 11,1s
740 4085 767 4136 et
786 4083 828 4138 16.
873 4082 977 4152 Ampel.
996 4079 1043 4135 lib.
1061 4096 1140 4136 mern.
1160 4083 1213 4139 ab
1231 4083 1304 4149 ,Asia
1319 4086 1376 4150 uult

278 4177 322 4230 est
339 4174 414 4230 inter
432 4171 540 4228 'sanein
558 4175 588 4228 et
606 4169 716 4228 Nilum.¹
