2936 4718
787 339 829 403 24

252 521 519 588 consalutandum
541 523 675 587 Romam
705 543 768 588 non
794 524 909 604 venio)
943 522 1000 587 sed
1028 523 1203 605 tranquille
1230 525 1263 588 in
1292 525 1377 589 villa

251 643 310 688 sua
334 623 500 707 Campana
529 625 691 689 remansit.
736 625 786 689 le
814 625 916 689 altera
944 643 1020 690 vero
1049 635 1140 706 parte
1165 646 1229 690 non
1253 627 1380 690 desunt
1462 623 1463 666 i

250 725 322 805 loci,
346 745 363 789 e
386 727 498 808 quibus
521 727 652 792 libertas
674 726 831 810 quaedam
854 725 1014 812 (quamvis
1030 725 1160 808 exigua)
1183 728 1297 804 elucet,
1322 730 1379 792 sio

250 827 309 899 III,
331 826 394 892 589
421 828 621 910 praeteriens
652 832 808 895 luxuriam
840 840 872 893 et
895 835 1033 892 mutatos
1054 829 1273 895 Romanorum
1297 831 1377 893 aui·
1462 889 1463 910 ,

251 946 321 992 mos
344 930 456 1011 carpit,
481 931 528 996 rie
550 931 604 1000 IX.
627 935 689 998 346
712 952 777 1016 sqq.
800 933 979 996 Romanam
1002 931 1255 1012 magnitudinem
1278 951 1381 995 num·
1462 913 1463 950 ¹

250 1048 346 1111 quam
368 1031 484 1096 elarius
508 1035 722 1115 praenituisse
745 1041 899 1111 autumat,
920 1050 1015 1114 quam
1039 1050 1111 1098 cum
1137 1033 1258 1116 proelio
1286 1033 1380 1098 Oan-

252 1132 345 1195 nensi
379 1133 499 1198 amisso
523 1138 659 1200 maalme
681 1135 802 1201 afflicta
821 1134 934 1216 fuerit,
971 1137 1186 1217 populumque
1209 1135 1383 1200 continuis

252 1235 352 1297 rebus
370 1237 520 1302 secundis
543 1238 588 1300 ita
610 1258 683 1303 esse
705 1238 945 1320 degeneratum,
969 1244 1003 1300 ut
1024 1236 1127 1318 gloria
1143 1237 1173 1300 ei
1189 1255 1207 1300 e
1223 1236 1381 1302 cladibus

253 1335 408 1400 maiorum
431 1338 571 1419 petenda
593 1340 644 1417 sit,
668 1341 714 1404 sio
731 1340 767 1419 X,
784 1340 845 1406 657
870 1339 966 1402 malle
989 1356 1025 1401 se
1047 1336 1124 1400 dicit
1140 1337 1379 1419 Carthaginem

251 1457 314 1501 non
350 1457 423 1503 esse
455 1438 610 1517 dirutam,
644 1441 671 1505 si
700 1442 827 1524 quidem
859 1460 899 1504 ea
925 1439 1033 1504 deletu
1060 1447 1182 1503 tantam
1205 1439 1380 1502 Romanos

252 1558 374 1603 morum
396 1540 631 1622 corruptionem
655 1541 839 1607 invasurum
859 1560 932 1606 esse
953 1540 1030 1606 fatis
1047 1540 1242 1606 destinatum
1264 1541 1378 1622 luerit,

251 1639 298 1704 sio
320 1640 410 1720 XIII,
437 1641 497 1706 601
521 1661 584 1725 sqq.
608 1662 740 1725 poenas,
768 1663 849 1725 quas
878 1642 1005 1708 scelesti
1029 1661 1122 1724 reges
1145 1662 1183 1707 ac
1206 1640 1372 1726 tyranni²)

252 1742 337 1825 apud
371 1743 492 1808 inferos
524 1744 623 1824 luent,
657 1744 810 1810 describit
842 1754 874 1810 et
900 1763 961 1826 quo
990 1743 1084 1808 modo
1114 1762 1225 1809 manes
1248 1763 1376 1821 eorum,

251 1844 306 1926 qui
327 1843 393 1908 vivi
427 1845 466 1908 ab
487 1845 528 1910 iis
557 1866 596 1910 ne
623 1848 762 1930 querelis
791 1847 918 1931 quidem
942 1846 1093 1910 admissis
1121 1845 1239 1909 iniuria
1260 1843 1375 1909 affecti

251 1946 326 2022 sint,
352 1946 385 2010 in
408 1967 464 2011 eos
487 1947 644 2013 inventuri
666 1951 741 2029 sint,
764 1957 883 2029 narrat,
907 1949 954 2014 sie
976 1948 1114 2031 denique
1136 1946 1204 2027 XV,
1224 1948 1284 2013 126
1298 1965 1373 2028 sqq.

251 2047 457 2130 Voluptatem
475 2049 619 2132 Scipioni
631 2051 843 2119 affirmantem
858 2050 946 2131 facit,
958 2058 1094 2114 ventura
1108 2067 1181 2114 esse
1196 2048 1376 2130 aliquando

251 2168 310 2214 sua
332 2161 487 2232 tempora,
511 2153 562 2216 ubl
586 2153 646 2218 sibi
670 2154 730 2217 soli
753 2154 855 2218 Roma
877 2152 1035 2216 servitura
1058 2151 1107 2214 sit.
1152 2151 1269 2214 Verum
1300 2149 1374 2212 sin·

251 2251 338 2333 gula,
361 2271 442 2335 quae
465 2273 483 2316 e
506 2253 572 2316 vita
593 2256 821 2336 imperatorum
846 2253 1033 2317 Flauiorum
1055 2251 1159 2326 affert,
1190 2251 1376 2316 accuratius

252 2359 389 2418 tractare
412 2372 476 2416 non
499 2353 540 2417 ad
561 2354 761 2438 propesitum
782 2361 926 2418 nostrum
949 2353 1098 2436 pertinet,
1127 2372 1199 2416 cum
1220 2371 1373 2434 praeser-

251 2451 308 2516 tim
332 2461 458 2534 praeter
479 2457 756 2539 exsuperatioueru
779 2455 949 2539 poeticam,
971 2473 1034 2538 qua
1048 2453 1253 2519 Domitianus
1268 2454 1377 2518 victor

252 2554 402 2619 Indorum
426 2565 459 2620 et
473 2557 690 2642 Bactroruml)
713 2564 772 2642 (vs.
797 2560 868 2638 612,
891 2558 967 2642 613)
991 2557 1178 2638 celebratur,
1206 2564 1238 2620 et
1263 2555 1373 2620 imita*

252 2657 373 2724 tionem
395 2678 441 2723 vs.
465 2659 521 2738 IX,
544 2661 606 2727 642
628 2661 789 2727 Aeneidos
816 2658 1061 2744 Vergilianae,⁴t
1092 2678 1154 2742 qua
1176 2658 1271 2741 idem,
1294 2669 1374 2723 nate

359 2863 385 2928 1)
406 2860 448 2920 vd.
467 2862 537 2917 Plin.
555 2878 597 2931 ep.
616 2861 664 2916 III.
684 2865 700 2918 7
719 2867 748 2916 et
766 2861 916 2916 Mommsen
933 2862 1051 2916 Hermae
1069 2858 1119 2914 III.
1140 2859 1218 2923 1869,
1236 2880 1262 2933 p.
1274 2861 1319 2916 43.

259 2993 270 3002 ,,
358 2952 385 3020 2)
404 2952 437 3009 cf.
456 2952 539 3006 etiarn
558 2949 630 3018 XVI,
647 2950 701 3006 533
720 2966 759 3019 sq.
1210 3001 1214 3010 .

358 3037 388 3110 3)
407 3039 979 3107 1101111110ήο111111011111110111111
999 3041 1136 3108 gentium,
1156 3038 1188 3094 de
1208 3038 1306 3108 quibus
1325 3037 1372 3091 vd.

252 3128 428 3184 Friedltudur
453 3128 666 3196 Darstellangen
694 3144 741 3182 aus
769 3127 795 3188 (1.
824 3128 1011 3197 Sittengeach.
1038 3130 1122 3184 Romu
1147 3129 1184 3182 14
1198 3145 1223 3198 p.
1241 3128 1278 3182 46
1301 3143 1369 3196 sqq,

251 3220 344 3272 111111
361 3218 579 3286 exaggerationis
597 3233 692 3271 ansam
711 3216 820 3281 dabant,
840 3233 894 3271 non
912 3217 998 3274 habeo
1017 3233 1069 3286 quo
1087 3216 1206 3272 retorem
1223 3215 1276 3271 1110
1287 3231 1370 3284 quem

252 3307 287 3362 ed
300 3306 373 3364 Suet.
386 3308 463 3364 Dour.
482 3323 504 3362 c.
518 3307 553 3362 52
571 3305 648 3370 ,alios
669 3304 789 3360 Orientis
807 3307 898 3374 reges’
911 3304 1229 3376 (10.1111111Ρ1111101),
1244 3308 1285 3370 ,ut
1297 3304 1370 3358 idem

252 3397 299 3468 (ec.
319 3394 429 3464 auxilia)
448 3397 613 3462 postularent
632 3394 708 3448 donis
723 3405 758 3448 10
773 3394 1015 3462 pollicitationibus
1040 3394 1188 3448 sollicitare
1206 3389 1371 3461 temptavit',

252 3486 297 3539 rel
315 3485 348 3539 ed
368 3483 533 3539 deditionem
551 3481 612 3537 11111
635 3482 775 3537 cuiusdam
794 3482 920 3549 Neronis,
945 3483 1022 3538 euius
1039 3483 1111 3538 idem
1131 3483 1292 3552 scriptoria
1315 3480 1372 3535 fine

251 3575 322 3630 vitro
339 3576 366 3630 N
368 3574 510 3628 erenluuae
528 3571 692 3626 mentionem
709 3570 785 3630 facit.

357 3663 386 3732 4)
399 3663 459 3718 Hoc
470 3665 545 3717 recte
554 3659 756 3716 affertOocieai.
765 3677 791 3729 p.
798 3662 851 3716 411
858 3661 894 3716 ad
900 3678 964 3719 vsm.
972 3661 1032 3718 607.
1044 3658 1120 3730 (post
1130 3659 1206 3728 11101,
1212 3656 1370 3724 utsamper)

253 3755 283 3815 et
298 3750 362 3806 iude
380 3751 462 3812 dubie
480 3751 513 3806 nt
530 3749 691 3816 emendatio,
710 3765 790 3818 quum
809 3750 931 3820 alioquin
950 3749 1112 3804 arridentem
1130 3747 1256 3816 proponit
1280 3745 1370 3813 Chory

252 3857 278 3910 p.
301 3841 345 3902 36,
370 3840 560 3896 0111101111
584 3839 725 3906 Venerem,
745 3851 860 3908 quaeum
879 3839 1007 3908 Iuppiter
1033 3837 1199 3904 colloquitur,
1224 3835 1366 3900 dtrlgatur,

252 3930 396 3998 postulone
414 3932 443 3983 et
455 3930 574 3984 scribens
593 3929 687 3996 ,Turre
707 3932 810 4000 01111,
828 3927 908 3982 deum
931 3928 1058 3995 dirosque
1078 3924 1183 3989 dature,
1201 3924 1294 3979 beatus
1313 3923 1368 3976 lm·

252 4018 330 4087 perio
348 4023 435 4072 terres
458 4018 543 4086 reget.
586 4017 660 4074 Arva
678 4018 739 4087 <pro
763 4029 844 4085 ,rege
865 4014 974 4085 Tarda’)
999 4016 1136 4068 seneetem
1158 4011 1284 4082 Hospitio
1308 4009 1370 4079 (pre

252 4105 392 4175 Hospitio)
415 4105 549 4174 excipient
566 4105 649 4170 caeli’,
674 4107 741 4160 licet
758 4104 959 4160 concedendum
986 4103 1022 4158 sib
1047 4101 1193 4162 transitum
1219 4117 1237 4154 1
1263 4099 1368 4154 Venere

252 4194 410 4264 compellata
428 4194 463 4248 ud
480 4194 632 4248 Domitiani
649 4194 737 4264 Ipsius
755 4193 946 4248 allocutionem
965 4192 1139 4250 durissimum
1163 4205 1232 4244 esse.
1267 4189 1370 4257 Aperte
