2908 4724
639 327 682 393 93

89 509 334 576 hemistichium
358 511 517 594 integrum
540 512 739 595 reperiamus
766 519 862 596 atque
888 512 950 578 hec
972 532 1050 581 casu
1072 513 1126 577 vix
1147 512 1219 578 lieri

90 611 238 694 potuerit,
273 612 347 678 nisi
378 614 463 698 plus,
495 612 701 678 statuendum
731 633 809 680 sane
831 615 883 681 est
903 615 1043 682 Statium
1064 613 1218 680 versiculi

91 712 177 778 illius
199 714 426 797 cognitionem
448 715 611 781 hahuisse.
654 713 692 780 Id
725 723 833 781 autem
866 716 893 782 ri
926 723 1014 782 recte
1039 716 1217 801 posuimus,

92 833 162 879 cum
194 815 261 881 veri
298 816 411 901 specie
441 817 654 901 consequitur,
688 826 723 881 ut
755 817 870 900 Silius,
907 819 961 901 qui
997 826 1063 883 tam
1102 825 1218 902 arguta

92 914 271 983 imitatione
305 917 416 983 statim
445 919 562 984 vetusti
588 926 707 1004 poetae
735 920 923 986 memoriam
950 930 1123 986 reverante
1150 940 1216 985 nen

93 1035 165 1081 uses
179 1025 242 1100 est,
271 1027 333 1084 aut
346 1039 475 1086 versum
491 1021 589 1086 Ennii
605 1039 668 1086 non
684 1019 819 1101 neverit,
841 1028 907 1100 aut,
930 1022 969 1101 si,
992 1022 1078 1107 qued
1094 1022 1215 1102 malim,

91 1119 176 1184 norit
197 1129 232 1185 et
256 1121 394 1188 omnine
417 1122 525 1206 aliqua
547 1123 629 1187 ratio
652 1122 736 1186 inter
757 1121 942 1188 Thebaidos
969 1130 1002 1187 et
1023 1123 1217 1190 Punicorum

86 1229 196 1301 poetas
221 1223 412 1304 intercedit,
444 1243 514 1289 cum
543 1225 747 1290 occasionem
776 1222 817 1287 ad
848 1241 921 1288 eum
954 1224 1121 1291 alludendi
1152 1225 1215 1291 iam

85 1333 300 1408 praereptam
323 1325 456 1408 videret,
478 1326 635 1406 consulto,
658 1345 700 1391 ne
715 1327 892 1392 incurreret
912 1326 947 1391 in
972 1327 1086 1392 eedem
1107 1326 1215 1410 verba,

86 1424 261 1492 evitaverit
286 1428 396 1510 itaque
419 1427 558 1494 Statium
580 1428 687 1511 potius
715 1428 895 1512 respexerit
914 1447 1009 1511 qoam
1039 1427 1093 1493 hic
1115 1428 1214 1494 illurn.

87 1525 247 1612 Alterum,
272 1530 361 1613 quod
377 1548 508 1594 monere
531 1531 631 1613 volui,
654 1537 706 1596 sat
727 1537 837 1614 aptum
859 1538 910 1596 est
930 1530 972 1595 ad
989 1529 1214 1596 illustrandam

88 1627 249 1694 rationem
268 1631 403 1714 saepius
426 1631 490 1695 iam
513 1651 533 1694 a
555 1650 606 1696 me
628 1631 861 1710 adumbratam,
883 1651 947 1715 qua
962 1631 1062 1698 Silius
1085 1649 1214 1696 carmen

88 1745 178 1795 suum
204 1733 457 1798 elucubraverit.
502 1732 584 1798 Nam
601 1732 642 1797 ad
666 1732 931 1798 conformandam
951 1733 1215 1810 exhortationem,

89 1847 146 1910 qua
169 1831 293 1917 Scipio
314 1853 389 1901 sues
411 1835 476 1899 iam
505 1833 610 1900 fessos
633 1841 665 1899 et
687 1834 849 1916 fugientes
871 1853 957 1900 neva
978 1838 1027 1901 ira
1049 1835 1082 1900 iu
1105 1834 1214 1900 hoster

90 1929 221 2000 incitare
244 1939 386 2002 conatur
408 1939 470 2021 (vs.
495 1937 556 2002 401
573 1933 666 2020 squ),
689 1936 918 2021 transsumpsit
939 1937 1152 2020 cogitationes
1174 1955 1214 2001 ex

95 2034 245 2120 eratione,
279 2055 376 2120 quam
397 2038 510 2104 Livius
540 2045 636 2103 ante
669 2056 810 2120 pugnam
840 2037 952 2102 initam
985 2037 1109 2104 consuli
1141 2038 1213 2102 suh·

96 2131 223 2205 diderat.
277 2139 314 2204 Si
342 2140 428 2204 enim
463 2140 671 2222 contemptim
707 2138 748 2204 de
781 2138 1102 2221 Carthaginiensibus
1136 2138 1215 2205 dicit
1331 2171 1353 2192 ,-

95 2234 197 2321 Scipio
221 2242 259 2306 in
285 2261 333 2307 vs.
355 2243 418 2308 406
440 2243 510 2324 ‚has
533 2242 660 2307 dextras
682 2241 768 2325 capti
790 2259 932 2323 genuere
953 2240 1122 2325 parentes’,
1146 2258 1212 2305 res-

90 2340 234 2420 pondent
273 2343 353 2409 haec
386 2344 532 2412 Liviauis
565 2343 631 2409 illis
663 2343 764 2430 (xxi,
793 2343 831 2408 41
865 2343 926 2428 §7
953 2349 986 2408 et
1012 2345 1033 2425 ξ
1063 2340 1126 2426 11),
1158 2341 1212 2406 uhi

90 2437 258 2510 Hannibal
275 2444 457 2529 ,vectigalis
472 2445 765 2531 stipendiariusque
781 2453 813 2510 et
826 2463 939 2511 servus
954 2443 1065 2529 populi
1076 2442 1213 2510 Romani

91 2558 110 2602 a
140 2556 237 2626 patre
274 2547 414 2614 relictus·
449 2550 632 2613 nominatur
664 2555 698 2612 et
730 2547 843 2612 consul
875 2566 958 2628 ,cnm
991 2545 1213 2628 indignatione

91 2646 242 2723 quedam’
277 2648 463 2714 certandum
488 2669 561 2716 esse
584 2650 703 2715 milites
726 2649 887 2729 admonet,
920 2648 1019 2721 ,velut
1044 2647 1073 2712 εἰ
1101 2665 1212 2712 servos

91 2744 232 2816 videatis
258 2751 435 2835 vestros’¹);
458 2758 491 2816 et
513 2752 541 2817 si
556 2772 604 2818 vs.
626 2753 689 2818 409
712 2750 852 2833 ‚Credite
874 2749 1064 2816 summissas
1078 2747 1213 2813 Romam

92 2863 175 2914 nunc
199 2850 336 2917 tendere
357 2852 494 2935 palmas'
518 2854 684 2932 exclamat,
717 2853 792 2937 quid
819 2851 951 2936 propius
979 2849 1030 2915 his
1057 2847 1213 2914 accedere

91 2957 200 3028 potest
222 2973 319 3036 quam
336 2954 473 3020 Liviana
495 2955 551 3041 (ih.
567 2957 587 3036 ἓ
604 2956 643 3021 lh
657 2955 720 3040 sq.)
742 2955 970 3037 ,unusquisque
993 2999 1025 3017 ..
1042 2951 1212 3033 coniugem

91 3068 129 3115 ae
158 3053 282 3122 liberes
308 3074 425 3138 parvos
454 3057 551 3122 armis
583 3065 753 3140 protegere
779 3056 876 3140 putet'
907 3063 939 3121 et
967 3059 1107 3132 ,nostras
1128 3071 1214 3118 nunc

94 3150 215 3221 intueri
240 3176 353 3222 munus
376 3165 524 3223 senatum
545 3161 764 3244 populumpue
785 3155 995 3224 Romanum'i

200 3257 353 3343 Denique
368 3260 409 3324 ad
424 3259 618 3344 inquirenda
639 3261 771 3327 nemina
793 3278 1014 3344 personarum,
1037 3275 1119 3340 quae
1138 3254 1213 3320 huic

92 3373 224 3440 pugnae
247 3381 267 3426 a
288 3370 383 3446 poeta
407 3363 529 3428 inserta
551 3372 635 3441 sunt,
669 3363 752 3428 sicut
782 3370 879 3427 antea
906 3378 1034 3443 semper
1061 3356 1133 3432 feci,
1160 3373 1212 3421 me

93 3463 273 3546 accingam.
318 3465 366 3530 Idx
394 3485 434 3531 ee
462 3485 594 3532 numero
621 3465 838 3530 Romanorum
864 3469 939 3529 sunt
965 3462 1058 3526 haec:
1092 3458 1213 3524 Catus

96 3568 155 3629 (vs.
182 3569 267 3642 139).
313 3568 383 3632 Hoc
415 3586 593 3650 cognomen
630 3567 662 3631 in
696 3565 808 3649 primis
842 3563 977 3628 inditum
1012 3567 1082 3626 erat
1114 3561 1212 3626 Sexte

94 3662 189 3734 helio
212 3669 290 3735 iuris
318 3671 464 3735 consulto
491 3678 523 3734 et
539 3667 783 3734 commentatori
797 3665 860 3731 XIl
876 3662 1095 3746 tabularum,²)
1117 3681 1213 3745 quem

96 3785 192 3836 versu
226 3772 368 3856 ‚egregie
397 3770 546 3836 cordatus
578 3770 674 3835 hereo
704 3777 794 3835 catus
823 3766 936 3834 Sextus
962 3763 1112 3850 helius'⁸)
1149 3771 1215 3830 tam

95 3923 309 3942 M.-

202 4008 232 4081 1)
250 4007 286 4068 cf.
305 4008 364 4066 Pol.
382 4007 432 4072 III,
450 4009 494 4072 64,
513 4007 529 4076 fi
547 4007 565 4062 3
583 4022 622 4076 sq.

203 4098 230 4166 2)
249 4097 293 4152 vd.
312 4096 416 4151 Teuffel
434 4097 500 4152 hist.
518 4097 572 4151 liet
591 4094 682 4154 Rom.⁸
700 4095 760 4162 125,
780 4096 804 4150 2.

203 4186 231 4254 3)
250 4201 312 4243 auu.
331 4201 371 4241 rs.
389 4185 442 4241 335
460 4185 538 4240 Vuhl.
