2908 4724
68 511 267 598 ‚Bogud(e)'
276 510 434 578 effoetum
443 511 633 598 vidimus(p.
644 513 685 578 86
694 514 765 594 sq),
778 510 1020 576 accommodata
1032 518 1106 594 apte
1118 515 1213 594 poeta

70 613 181 677 disere
207 615 340 696 potuit,
364 621 399 678 ut
414 614 593 678 Teutonum
616 613 704 680 illius
726 612 829 695 reguli
847 612 978 677 aMario
1001 612 1086 696 apud
1106 613 1213 695 Aquas

74 714 206 780 Sextias
225 716 329 799 eapti
352 717 537 780 memoriam
552 714 825 799 redintegraret.¹)
854 713 1084 782 Confusionem
1107 722 1214 778 autem

78 816 252 882 Gallorum
280 825 320 882 et
343 817 575 884 Germanorum
599 816 697 881 faoile
719 835 792 881 esse
808 817 900 881 dooet
915 824 1022 882 votum
1044 815 1214 880 Germanis

80 917 246 995 usitatum,
275 919 368 1000 quod
391 918 490 985 Silius
513 938 560 990 vs.
583 921 646 984 200
675 918 732 981 alii
756 918 847 984 Gallo
875 918 995 1000 tribuit3
1033 926 1065 983 et
1093 918 1124 981 in
1155 918 1215 982 han

82 1038 115 1082 re
137 1040 172 1086 eo
196 1020 341 1086 facilius
362 1022 432 1096 fuit,
455 1021 606 1102 quoniam
629 1019 767 1084 Teutoni
797 1019 829 1084 in
860 1019 931 1102 ipsa
956 1019 1062 1086 Gallia
1085 1019 1161 1083 vieti
1184 1026 1216 1083 et

83 1119 245 1188 Aduatuci
273 1123 455 1188 seeundum
480 1122 630 1187 Caesaris
655 1121 872 1188 testimouium
894 1121 944 1205 (B.
969 1122 1006 1187 G.
1027 1122 1068 1202 Il,
1090 1123 1132 1186 29
1148 1121 1166 1204 ξ
1181 1122 1214 1202 4)
1249 1140 1251 1145 ’

82 1241 120 1284 ex
134 1241 252 1288 eorum
273 1224 541 1308 Cimbrorumque
558 1223 704 1306 reliquiis
720 1224 869 1306 prognati
885 1233 986 1290 erant.
1010 1223 1215 1295 Sarmens,

80 1323 162 1404 quod
187 1324 222 1388 in
250 1346 306 1390 νε.
329 1327 393 1392 200
414 1337 566 1410 quantum
589 1325 621 1390 in
638 1344 733 1390 mann
750 1326 876 1409 seriptis
897 1332 956 1400 est,
980 1334 1102 1391 eertum
1118 1323 1215 1398 reddi,

82 1423 234 1490 Blassius
262 1429 347 1492 mihi
361 1427 512 1506 affirmat,
537 1427 621 1492 unde
637 1428 771 1509 petitum
789 1427 840 1506 sit,
863 1427 991 1504 neseio;
1015 1435 1090 1509 puto
1106 1435 1214 1490 tamen

84 1525 156 1589 Silii
180 1529 393 1612 temporibus
430 1543 462 1594 et
483 1529 557 1594 aliis
582 1539 690 1594 uotum
713 1548 830 1594 nomen
855 1529 1014 1596 Gallioum
1037 1527 1138 1594 fuisse
1160 1547 1217 1595 nee

84 1646 103 1688 a
135 1639 238 1711 poeta
282 1651 323 1695 ex
360 1632 584 1696 remotissimis
621 1630 762 1696 fontibus
793 1649 867 1696 esse
890 1641 1024 1696 erutum.
1068 1629 1160 1708 Quod
1184 1629 1216 1692 in

84 1731 254 1808 paucitate
283 1733 446 1812 librorum,
471 1733 523 1816 qui
546 1753 586 1796 ex
608 1732 807 1812 antiquitatis
830 1733 921 1814 eopia
944 1741 1082 1797 aetatem
1106 1733 1217 1808 tulere,

85 1830 199 1896 mirum
241 1834 352 1898 videri
390 1855 454 1899 non
491 1835 600 1916 debet3
637 1854 697 1898 nee
733 1834 943 1912 ,Sarmentus’
973 1853 1101 1900 scurrae
1130 1834 1216 1899 illius

94 1949 221 2012 nomeu,
248 1935 345 2002 ouius
369 1937 447 2002 ionis
471 1937 642 2003 Maecenas
673 1943 705 2000 et
734 1936 886 2000 Horatius
917 1936 950 1998 in
979 1935 1093 1999 itinere
1116 1935 1214 1998 Brun-

92 2030 199 2100 dusino
244 2037 403 2102 delectati
441 2037 543 2123 sumi)
579 2046 612 2104 et
646 2037 734 2104 euius
774 2039 813 2102 ob
855 2036 1103 2102 similitudinem
1142 2035 1218 2100 mihi

96 2138 232 2206 venitin
261 2149 417 2222 mentem,
454 2150 605 2225 quantum
642 2159 702 2222 ego
739 2139 866 2223 quidem
897 2139 975 2216 soio,
1013 2138 1068 2201 alii
1097 2137 1218 2202 homini

96 2235 225 2306 inditum
272 2241 473 2328 invenirem)
527 2243 753 2324 Ligaunum
783 2241 843 2322 (vs.
867 2238 971 2324 206)4)
998 2259 1071 2306 esse
1100 2258 1217 2303 nomen

94 2335 254 2408 Celticum
275 2345 369 2411 donet
384 2345 463 2409 Plin.
479 2345 517 2411 N.
534 2346 572 2408 H.
589 2345 649 2426 III,
666 2365 693 2410 o.
708 2345 730 2411 5
744 2346 763 2425 ξ
778 2343 829 2425 35,
844 2342 895 2406 ubi
910 2343 943 2406 iu
959 2342 1124 2426 provincia
1139 2341 1218 2405 Nar-

93 2438 254 2510 lronnensi
272 2446 509 2529 ,Ligaunorum’
530 2447 618 2532 regio
635 2447 807 2512 invenitur.
829 2445 1019 2526 Vosegus
1033 2440 1217 2528 (vs.213)⁶)‚

94 2543 143 2606 vel
170 2549 297 2614 rectius
325 2549 480 2632 Vosegus,
504 2571 523 2614 a
544 2548 706 2614 montibus
730 2549 909 2613 derivatum
935 2555 994 2624 est,
1018 2565 1095 2628 quos
1120 2546 1217 2610 Frau-

97 2647 213 2726 oogalli
229 2650 330 2716 hodie
345 2671 470 2734 quoque
486 2651 546 2729 ,les
562 2650 696 2732 Vosges'
711 2649 886 2732 appellant,
910 2667 968 2712 nos
982 2647 1045 2726 ,die
1070 2648 1221 2728 Vogeseu

96 2750 265 2815 nominare
289 2753 439 2816 solemus.
483 2753 575 2816 Hano
598 2759 704 2816 autem
729 2751 864 2814 formam
887 2757 1121 2815 monstruosam
1146 2767 1218 2814 esse

99 2843 188 2914 donet
211 2854 347 2936 Kiepert
370 2854 547 2931 ,Lehrbuoh
571 2853 627 2918 der
642 2852 728 2916 alten
752 2850 964 2934 Geographie'
991 2849 1086 2928 1878,
1109 2869 1139 2932 p.
1155 2851 1217 2916 501

99 2948 204 3017 adnot.
229 2956 261 3034 5,
284 2964 318 3019 nt
338 2957 424 3020 male
446 2957 590 3039 plerique
613 2955 675 3020 viri
702 2953 787 3019 docti
817 2959 852 3016 nt
873 2951 1038 3030 Heinsius,
1072 2951 1222 3016 Draken-

101 3050 260 3136 borolrius,
289 3058 486 3139 Lefebvrius,
520 3054 798 3132 Luenemannusssl
821 3055 1002 3139 ,Vogesum'
1026 3053 1056 3120 h.
1083 3055 1103 3118 l.
1129 3055 1222 3118 resti-

102 3159 254 3224 tuendum
290 3181 363 3226 esse
395 3160 588 3224 censuerint
643 3159 713 3224 Non
749 3157 863 3222 eadem
895 3155 1091 3222 nenessitate
1125 3166 1220 3240 atque

103 3267 198 3324 antea
222 3264 361 3342 tractati,
384 3271 556 3344 sequentes
578 3261 724 3325 homines
742 3257 826 3324 Galli
844 3277 915 3324 esse
931 3257 1058 3322 debent.
1104 3258 1223 3336 Quam-

108 3375 201 3438 quam
233 3383 304 3428 eum
332 3363 514 3447 Scipionem
545 3363 619 3426 iude
648 3383 668 3426 a
696 3382 741 3425 vs.
770 3360 833 3425 216
862 3360 893 3423 in
918 3361 1027 3424 hostes
1050 3360 1223 3422 irruentem

211 3575 238 3642 1)
257 3574 290 3630 ol.
304 3575 374 3629 Flor.
387 3572 408 3637 I,
422 3570 536 3646 38§10
548 3572 583 3628 H.
596 3571 672 3626 Eutr.
686 3569 868 3638 V,l§4Dr;
883 3566 961 3623 Oros.
973 3568 1004 3635 V,
1018 3583 1039 3624 e.
1054 3567 1088 3622 16
1101 3566 1136 3636 (p.
1150 3567 1224 3640 329).

210 3663 237 3731 2)
254 3663 324 3720 Hor.
344 3667 394 3718 sat.
414 3661 437 3731 I,
455 3664 481 3729 ὅ,
500 3662 534 3717 52
554 3677 612 3730 sqq.

213 3753 241 3822 3)
259 3751 427 3806 Horatianus
447 3752 519 3806 enim
538 3753 565 3804 et
582 3749 650 3804 alibi
668 3747 785 3802 occurrit
803 3749 833 3800 ut
851 3747 944 3800 Juven.
964 3748 1014 3802 sat.
1034 3745 1051 3799 5
1069 3762 1109 3800 vs.
1127 3746 1152 3800 3.

213 3842 241 3912 4)
261 3839 406 3908 ,ligaunus'
426 3837 459 3906 F,
488 3843 583 3910 postea
606 3837 715 3906 quidem
738 3836 881 3901 insertum,
910 3837 938 3887 et
957 3832 987 3890 0.
1018 3833 1163 3901 ,ligaumis'
1182 3833 1224 3892 L3.

109 3924 235 4002 lieuunui'¹
249 3929 281 3984 V.

211 4019 238 4088 5)
260 4017 392 4085 ,vosegns'
412 4015 468 4074 Col.
489 4020 517 4071 et
534 4019 564 4072 F.
585 4035 606 4076 s,
625 4035 661 4072 m.
681 4013 811 4082 ,vosegus'
830 4011 866 4066 Ll
884 4009 917 4068 0.
936 4012 966 4066 V.
993 4009 1027 4065 ef.
1047 4010 1135 4065 Blass.
1160 4025 1223 4065 auu.

110 4101 237 4162 Fleckeis.
256 4106 344 4176 suppl,
362 4105 435 4174 VlII,
454 4123 480 4174 p.
501 4107 560 4164 233.

213 4197 240 4265 6)
261 4195 309 4249 Sil.
328 4194 392 4250 Ital.
411 4196 450 4250 ed.
470 4195 645 4249 Luonemann
664 4191 787 4259 Gottiug.
808 4191 885 4246 1823.
