2908 4724
789 331 832 396 90

252 511 322 576 duni
352 513 531 577 Poenorum
561 520 714 577 reservat.
746 533 808 578 non
839 514 965 579 mirum.
1010 514 1165 595 Tertium,
1197 533 1268 598 quo
1302 515 1381 598 Hey-

252 614 382 678 nachar.
413 613 633 679 diversitatem
661 615 744 678 inter
772 615 937 698 Polybium
968 624 1000 679 et
1028 616 1152 680 Livium
1188 634 1235 680 ex
1266 635 1333 679 una
1354 625 1382 678 et
1428 595 1429 618 ¹

253 715 368 780 Silium
399 735 439 781 ex
468 715 569 780 altera
600 715 892 798 parte-indagasse
919 716 980 780 sibi
1011 716 1099 782 visus
1134 724 1202 800 est,
1247 718 1383 782 salutem

253 817 406 900 Soipioni
421 817 545 881 oonsuli
569 837 589 879 a
610 815 677 882 filio
700 818 833 882 allatam
851 827 986 901 spectat.
1017 818 1121 896 Quam
1142 820 1173 882 si
1199 828 1308 902 poeta
1324 839 1382 882 non

253 920 323 982 sine
360 938 420 1001 ope
453 919 540 983 Iovis
578 918 664 984 iussu
702 919 780 1001 (uss.
810 920 872 984 417
900 919 984 1003 sqq.)
1020 941 1040 984 a
1075 921 1180 984 Marte
1222 921 1384 1003 praestita

253 1024 315 1097 (vs.
337 1021 400 1086 430
421 1025 504 1103 sqq.)
529 1019 661 1084 confieri
684 1039 780 1103 posse
802 1020 880 1106 (454
894 1022 975 1103 squ)
991 1021 1125 1102 putavit,
1148 1022 1244 1086 hano
1261 1022 1383 1103 digres-

252 1121 386 1201 sionem,
409 1142 491 1205 quae
514 1142 553 1186 ex
576 1122 689 1186 ordine
709 1143 728 1186 a
750 1123 842 1187 nobis
866 1122 1010 1186 instituto
1033 1123 1073 1188 ad
1088 1124 1239 1206 priorem
1266 1124 1383 1188 disser-

252 1225 383 1288 tationis
411 1234 535 1307 partem
569 1225 730 1308 pertinere
756 1224 861 1305 debet,
891 1233 1063 1307 propterea
1091 1225 1155 1290 iam
1189 1247 1263 1290 non
1289 1233 1384 1288 antea

252 1327 398 1405 tractavi,
437 1329 512 1408 quia
541 1346 613 1390 eum
644 1325 758 1408 proelii
781 1325 997 1408 descriptione
1020 1326 1120 1391 artius
1143 1347 1304 1394 connexa
1328 1336 1382 1406 est,

252 1447 346 1511 quam
383 1436 417 1491 ut
453 1427 548 1493 faede
580 1430 619 1492 ab
648 1447 687 1491 ea
717 1427 861 1510 separari
889 1427 1036 1510 potuerit.
1077 1429 1126 1494 Ne
1149 1438 1272 1496 autem
1296 1437 1382 1493 extro
1428 1477 1429 1488 ,

252 1549 319 1594 rem
343 1548 527 1611 evagemur,
550 1529 663 1594 Livius
685 1529 706 1592 l.
729 1529 750 1600 l,
773 1530 791 1612 ᾗ
816 1530 855 1594 10
876 1529 923 1592 sio
946 1530 1119 1595 memoriae
1140 1532 1287 1596 tradidit
1310 1549 1380 1610 ,ser-

255 1633 322 1696 vati
346 1631 488 1694 consulis
511 1630 609 1694 deous
626 1630 755 1694 Coelius
777 1629 818 1694 ad
843 1647 970 1694 servum
995 1631 1126 1696 natione
1141 1633 1308 1716 Ligurem
1332 1632 1380 1696 de·
1428 1659 1429 1724 p

251 1732 350 1813 legat.
376 1732 483 1798 malim
507 1733 654 1814 equidem
678 1732 718 1796 de
740 1732 804 1798 filio
828 1750 939 1798 verum
967 1751 1051 1814 esse,
1085 1735 1168 1816 quod
1199 1747 1237 1800 et
1272 1736 1378 1819 piures
1428 1737 1429 1782 t

252 1833 414 1898 tradidere
435 1841 582 1899 auctores
605 1844 637 1898 et
658 1835 746 1898 fama
761 1833 916 1898 obtinuit'.
961 1833 1051 1911 Quae
1068 1836 1377 1920 verbaHeynaehe-
1428 1861 1429 1926 t

252 1954 305 2000 rus
327 1935 419 2016 (diss.
440 1955 472 2018 p.
494 1937 536 2004 25
559 1957 606 2002 nr.
633 1937 735 2002 13:
764 1955 868 2018 progr.
898 1954 928 2017 p.
951 1935 992 2000 22
1013 1956 1060 1999 nr.
1085 1938 1137 2019 13)
1167 1959 1244 2006 oum
1275 1938 1377 2002 Boett·
1428 1935 1429 1938 ’

251 2035 375 2121 ehero¹)
397 2037 442 2102 ita
465 2038 702 2121 interpretatur,
726 2047 760 2102 ut
782 2036 902 2115 Livius,
926 2037 1053 2102 etiamsi
1076 2039 1213 2104 aliorum
1235 2038 1376 2104 narratio
1428 2059 1429 2080 ³

252 2139 281 2202 ei
311 2139 414 2221 magis
446 2139 597 2221 arrideat,
627 2148 733 2205 tamen
758 2138 859 2204 Coelii
897 2139 1051 2203 veriorem
1089 2160 1162 2206 esse
1198 2142 1375 2207 existimet.

251 2242 315 2307 Sed
339 2254 373 2304 ut
393 2242 474 2306 aiios
497 2242 581 2307 viros
604 2240 742 2325 doetus2)
764 2241 866 2322 ipsum
883 2240 1075 2305 eontrarium
1092 2244 1215 2310 sentire
1240 2254 1374 2313 taceam,
1428 2253 1429 2258 ’

249 2343 387 2425 primunr
409 2342 536 2406 Livium
559 2350 677 2408 eertum
706 2341 745 2406 de
775 2361 815 2405 ea
838 2360 872 2404 re
894 2340 1047 2406 iudioiunu
1070 2363 1131 2410 non
1156 2344 1284 2412 senisse
1309 2361 1374 2410 uon·

251 2442 357 2507 tendo.
401 2443 526 2508 Deinde
557 2451 674 2520 autem,
704 2442 831 2508 etiamsi
862 2441 971 2508 Coelio
999 2445 1191 2528 astipulatus
1226 2460 1321 2512 esset
1346 2450 1373 2506 et

250 2562 442 2629 generosum
467 2543 526 2608 filii
557 2546 675 2610 fautum
704 2564 762 2627 pro
793 2544 876 2608 falso
899 2545 1112 2626 reprobasset,
1138 2558 1245 2616 tamen
1277 2547 1371 2616 Silius
1428 2575 1429 2616 r

250 2644 401 2711 honorem
425 2645 570 2728 Soipioni
592 2646 751 2712 ascribere
773 2646 947 2723 debuisset,
981 2647 1057 2730 quia
1082 2643 1229 2734 poetioae
1256 2645 1368 2716 rationi

251 2749 321 2812 sine
354 2747 449 2812 dubio
493 2756 561 2812 erat
589 2748 871 2814 accommodatius.
923 2749 1033 2834 Obque
1069 2753 1205 2818 eandem
1240 2768 1368 2819 oausam

250 2850 379 2916 Florum
403 2869 528 2932 quoque
551 2850 711 2915 rhetorem
731 2850 756 2929 I,
778 2851 820 2916 22
841 2853 861 2932 ξ
884 2853 925 2915 10
947 2853 986 2918 Η.
1010 2854 1055 2919 nil
1085 2854 1171 2919 uliud
1195 2853 1367 2937 protulisse

250 2949 435 3036 videmus.⁸)
478 2951 634 3018 Nimirum
657 2953 766 3036 epious
790 2972 858 3018 rem
881 2955 1078 3022 ornamentis
1111 2957 1156 3020 ita
1179 2958 1307 3034 extulit,
1340 2957 1369 3014 ut
1428 2943 1429 2952 ’

250 3063 374 3135 patrem
407 3053 549 3117 humeris
581 3072 598 3116 e
625 3072 734 3136 pugna
763 3057 907 3137 asportet
939 3064 1099 3139 tamquam
1133 3059 1215 3123 alter
1238 3063 1366 3124 Aeneas
1428 3017 1429 3090 d

252 3152 304 3218 vel
328 3153 534 3236 Amphinomi
557 3164 587 3218 et
609 3155 717 3238 Anapi
739 3157 895 3240 exemplo,
929 3159 981 3240 qui
1005 3165 1155 3239 parentes
1179 3179 1219 3223 ex
1242 3163 1367 3224 Aetnae

249 3253 389 3320 flammis
402 3254 625 3340 eripuerunt.4)
647 3259 797 3322 Attamen
813 3277 908 3340 quum
924 3277 1020 3342 prope
1030 3271 1063 3323 et
1073 3259 1216 3326 hioLivii
1228 3255 1366 3340 vestigia

250 3358 498 3440 subsequatur,e
508 3357 659 3423 vatioinio
670 3357 781 3423 Martis
793 3360 1016 3445 (vsttosqq.)
1031 3362 1170 3444 perspiei
1182 3362 1268 3442 lieet,
1282 3352 1366 3446 quod

249 3457 442 3542 prophetiois
464 3459 570 3524 verbis
593 3459 737 3524 Liuianis
761 3460 796 3545 (i.
810 3462 918 3544 o,§8)
940 3462 1002 3544 ,hio
1024 3461 1104 3529 erit
1117 3463 1250 3543 iuvenis,
1266 3475 1363 3548 penes

252 3579 347 3642 quem
366 3560 498 3643 perfecti
514 3561 606 3626 huius
623 3561 697 3626 belii
711 3562 781 3627 laus
794 3563 851 3628 est’
867 3573 1060 3629 commotum
1069 3564 1184 3632 Silium
1197 3562 1363 3648 soripsisse
1428 3629 1429 3674 ἢ

358 3825 384 3887 1)
402 3821 481 3886 ,Krit
499 3823 662 3878 Untersueh.
688 3823 755 3877 tiber
779 3824 823 3878 die
848 3823 965 3889 Quellen
988 3827 1036 3881 des
1054 3826 1147 3881 Livius
1173 3827 1211 3880 inr
1228 3825 1292 3881 XXI
1309 3814 1359 3875 und

250 3908 334 3965 xxn.
353 3908 438 3963 Buoh’
455 3911 485 3963 in
503 3927 565 3966 ann.
586 3911 713 3966 Fieelreis.
733 3913 864 3982 supplem.
883 3913 916 3978 V,
935 3913 1014 3980 1869,
1035 3932 1060 3982 p.
1078 3915 1139 3970 397.

356 3999 385 4066 2)
403 4001 435 4052 ut
452 3997 651 4054 Weissenborn.
670 3999 705 4056 ad
723 4000 780 4054 Liv.
799 4001 817 4054 1.
836 4003 854 4060 i.

356 4084 383 4154 3)
401 4087 461 4139 Neo
479 4087 559 4142 aliter
577 4088 740 4156 epitomator
758 4087 828 4146 Liuii
846 4094 875 4144 et
894 4089 969 4148 Oros.
988 4089 1034 4158 lV,
1055 4091 1097 4156 14,
1116 4108 1141 4160 p.
1161 4091 1221 4149 253.

356 4175 384 4244 4)
404 4173 445 4228 vd.
463 4173 512 4228 sil.
532 4172 601 4239 XIV,
620 4175 673 4230 196
692 4191 731 4244 sq.
751 4192 812 4230 eum
830 4177 958 4248 Rupertii
975 4181 1048 4234 notu.
