2936 4718
784 365 826 430 62

246 549 300 632 qui
352 567 423 614 oum
467 555 549 614 teste
592 549 755 614 Pausania
805 547 864 636 (X,
908 549 946 613 17
986 548 1004 632 ἕ
1036 549 1071 632 5)
1116 547 1399 632 Carthaginien·

164 649 165 654 ’
247 651 335 717 sibus
364 651 398 715 in
431 647 610 732 subigenda
632 649 784 716 Sardinia
817 649 935 714 auxilio
963 648 1119 730 fuissent,
1155 659 1301 734 postea
1332 650 1399 715 dis-

247 753 357 820 cordia
388 753 427 817 ob
460 752 613 835 praedam
646 759 716 816 orta
745 752 785 817 ab
815 751 854 816 iis
883 750 1018 816 alienati
1048 751 1110 835 ipsi
1140 751 1339 817 domicilia
1367 754 1398 816 in

246 854 354 920 insula
390 853 667 938 occuparemus).
703 853 914 939 Rhyndacum
947 852 1008 937 (vs.
1031 853 1117 938 388),
1149 854 1238 937 quia
1267 874 1396 919 nomen

246 957 336 1022 fluvii
366 954 560 1040 eBithynia
588 955 649 1020 orti
678 964 711 1020 et
732 955 765 1021 in
789 955 1017 1039 Propontidem
1045 954 1249 1040 profluentis
1278 956 1397 1038 itaque

246 1058 364 1124 Troiae
388 1056 516 1123 finitimi
541 1065 600 1139 est,
633 1057 725 1122 initio
749 1078 789 1123 ex
811 1059 970 1125 erroribus
1003 1060 1135 1124 heroum
1157 1058 1394 1139 Graecorum,

246 1181 380 1243 quorum
403 1180 473 1225 cum
497 1159 626 1224 domum
651 1160 756 1224 redire
779 1160 910 1236 vellent,
934 1161 999 1225 alia
1021 1179 1096 1244 pars
1112 1159 1299 1244 Teucro,²)
1326 1159 1394 1223 alia

245 1260 432 1343 Diomede)
454 1261 536 1326 duce
559 1262 657 1327 etiarn
680 1282 783 1346 usque
805 1262 843 1326 in,
865 1263 1057 1346 Hispaniam
1078 1261 1187 1328 delata
1215 1270 1311 1344 erat,
1343 1279 1389 1324 re·

245 1373 357 1449 petere
379 1365 547 1450 temptavi3
577 1363 635 1428 sed
664 1383 735 1428 curn
758 1385 778 1428 a
801 1365 930 1430 Blaesio
956 1364 1075 1448 optimo
1104 1365 1262 1432 codicum
1290 1362 1391 1427 nobis

246 1474 460 1549 servatorum,
487 1464 538 1548 Li,
565 1465 649 1529 tradi
676 1465 939 1552 ,rhydacus’⁴)
968 1467 1084 1546 certior
1113 1466 1223 1532 factus
1260 1485 1388 1545 essem,
1434 1535 1435 1544 ,

247 1569 400 1651 cogitatio
428 1571 506 1636 mihi
533 1568 647 1635 incidit
677 1569 779 1632 latere
800 1570 853 1633 hic
876 1568 958 1633 sorte
982 1587 1110 1651 nomen,
1139 1571 1229 1652 quod
1256 1571 1386 1638 Justin.
1434 1587 1435 1592 ¹

245 1669 332 1750 XXI,
355 1672 384 1751 6,
413 1676 432 1754 ξ
458 1674 474 1737 1
504 1680 597 1736 etex
626 1691 664 1736 eo
693 1669 827 1736 Orosius
860 1669 915 1749 lv,
939 1671 959 1736 6
987 1670 1164 1734 Hamilcari
1190 1693 1211 1736 a
1239 1671 1382 1738 Cartha·

246 1771 448 1854 giniensibus
481 1774 522 1837 ad
554 1772 771 1841 Alexandrum
803 1773 959 1854 Magnum
994 1773 1092 1837 misso
1115 1773 1321 1839 attribuunt
1353 1779 1383 1835 et

247 1873 343 1956 vulgo
365 1875 562 1954 ‚Rhodanus’
585 1875 671 1959 apud
694 1882 862 1957 utrumque
888 1874 1073 1956 scriptorem
1101 1875 1228 1960 legitur.
1284 1876 1379 1940 Hanc

247 1976 464 2042 coniecturam
487 1979 516 2044 si
537 1977 789 2063 probaverimus,
811 1983 1024 2059 consequatur
1046 1977 1184 2059 quidem,
1206 1986 1247 2042 ut
1273 1978 1380 2044 forma

247 2080 388 2146 nominis
410 2088 499 2147 recta
520 2100 593 2147 esso
615 2099 679 2144 non
702 2078 814 2162 possit,
838 2097 909 2142 cum
933 2075 1121 2157 ,Rhodanus'
1153 2078 1299 2146 alluvio
1324 2079 1375 2142 de-

246 2352 356 2432 r'rrulpoo
383 2360 431 2427 τῆς
457 2358 525 2413 κατὰ
548 2351 658 2414 'hollos
684 2363 757 2413 tbrrv
783 2355 831 2429 ὅρη
859 2354 979 2424 δύσβατα
1005 2355 1041 2412 τὰ
1061 2363 1164 2428 πέρατα
1191 2357 1373 2414 συνάπτοντα

247 2439 364 2516 ἀλλήλοις
381 2447 459 2518 (§6);
478 2446 641 2517 ‚pallidaque
659 2449 733 2502 intus
746 2448 819 2500 Arva
830 2447 924 2516 coquit
942 2447 1056 2501 nimium
1074 2447 1178 2502 Cancro
1198 2447 1372 2504 ferventi·

247 2537 308 2592 bus
326 2535 444 2591 Austris'
463 2535 512 2607 (vs.
525 2536 578 2592 373
596 2535 647 2607 sq.)
660 2566 694 2576 -
707 2535 747 2590 sic
756 2536 828 2589 enim
837 2535 932 2589 scribit
944 2533 978 2588 ll.
990 2534 1069 2589 Blass
1078 2551 1126 2606 pro
1136 2535 1370 2603 ,fumantibus

247 2625 365 2681 Austris’
384 2641 474 2695 progr.
494 2625 601 2680 scholae
619 2625 702 2681 realis
720 2623 991 2692 Ludovieapolitanao
1011 2623 1127 2678 Berolirr.
1148 2626 1217 2681 1867
1239 2645 1265 2694 p.
1281 2626 1317 2680 31
1337 2650 1368 2660 -

250 2719 278 2770 et
295 2708 309 2768 ὁ
328 2709 406 2770 νότος
424 2711 506 2785 βαρὺς
523 2718 565 2766 καὶ
581 2718 667 2782 βίαιος
684 2717 834 2784 ἐγκοιμινος.
855 2713 882 2765 οἱ
899 2709 991 2780 ἄνεμοι
1008 2735 1038 2766 τε
1056 2713 1083 2766 οἱ
1099 2703 1152 2767 ἀπὸ
1164 2714 1212 2782 τῆς
1224 2712 1367 2786 ripaeos...

248 2801 402 2872 κωλύονται,
425 2807 552 2857 πνέοντος
574 2802 672 2872 θέρους
696 2797 760 2872 ὥρᾳ,
784 2797 834 2854 τίν
857 2823 888 2853 το
912 2791 976 2870 ἇέρα
999 2799 1049 2854 τὸν
1071 2799 1157 2875 ταύτῃ
1181 2809 1224 2855 καὶ
1246 2801 1303 2871 τὴν
1319 2799 1367 2873 γῆν

247 2883 391 2963 ι’ναψῦχειν
408 2890 435 2962 (5
472 2889 497 2962 );
516 2888 619 2956 ,Cetera
633 2905 780 2960 propensae
794 2887 898 2943 Cereris
916 2889 1022 2944 nutrita
1039 2887 1137 2944 lavore'
1150 2890 1226 2961 (375)
1247 2897 1277 2946 ot
1294 2885 1331 2944 ‘H
1342 2883 1368 2938 δὲ

248 2976 347 3050 Σαρδώ
365 3019 373 3035 .
392 3021 399 3036 .
417 3020 424 3036 .
442 2969 610 3048 εἰδαιμονίαν
628 2981 699 3032 ἐστὶν
716 2974 795 3048 ἵμοια
812 2983 870 3033 ταῖς
885 2974 998 3046 albona
1015 2982 1214 3047 ἐπαινουμέναις
1232 2980 1261 3049 (ξ
1280 2979 1317 3048 2).

356 3067 382 3137 1)
401 3067 471 3128 ΡΙῐο,
490 3065 525 3124 N.
543 3065 577 3126 Η.
597 3063 646 3134 111,
664 3083 686 3122 c.
706 3068 722 3121 7
741 3066 757 3136 ἕ
774 3067 809 3122 85
836 3065 1023 3134 ,Celeberrimi
1050 3068 1080 3121 in
1098 3084 1130 3122 ec
1150 3067 1301 3138 (Sardinia)
1321 3082 1363 3137 po·

249 3157 375 3228 pulorum
393 3154 520 3222 ilienses,
538 3155 666 3221 Balari,
692 3154 785 3211 Corsi!
807 3154 918 3210 Ilionam
943 3158 971 3210 et
988 3156 1081 3209 Balari
1099 3172 1169 3210 anno
1189 3158 1240 3213 178
1260 3175 1285 3212 a.
1306 3156 1364 3211 Chr.

249 3263 275 3304 n.
295 3245 459 3302 seditionem
488 3247 631 3299 moverunt
652 3241 726 3312 (Lir.
749 3241 819 3310 XLI,
837 3245 862 3312 8,
885 3244 936 3314 §5
962 3243 1021 3314 sq),
1044 3244 1092 3299 sed
1116 3245 1274 3316 insequenti
1298 3257 1364 3300 anno

250 3352 267 3390 a
284 3334 344 3390 Tib.
365 3333 522 3404 Sempronio
542 3331 664 3388 Graccho
681 3335 712 3388 in
730 3335 892 3401 potestatem
911 3333 1092 3386 Romanorum
1111 3334 1214 3390 redacti
1234 3339 1301 3391 sunt
1318 3333 1362 3403 (ib.

249 3421 442 3492 171481).

358 3509 386 3578 2)
406 3507 448 3563 vd.
468 3507 518 3564 Sil.
535 3507 585 3578 Ill,
604 3509 665 3579 368,
683 3509 741 3580 XV,
761 3511 813 3566 192
832 3514 860 3565 et
878 3527 960 3581 supra
977 3526 1003 3579 p.
1022 3509 1065 3566 55.

356 3598 384 3664 3)
402 3595 448 3653 Sil.
468 3595 541 3665 XVI,
560 3597 621 3654 388.
646 3597 760 3666 Dionys.
783 3599 887 3668 Perieg.
909 3599 963 3654 483
981 3615 1040 3670 sqq.
1077 3595 1151 3667 Δὴεις
1177 3601 1291 3674 ἰφθίμου
1318 3599 1359 3650 Δι-

250 3683 361 3760 ομήδεος
378 3683 472 3739 αὐτίκα
489 3685 574 3740 αἶσαν
592 3686 642 3757 (sc.
661 3687 776 3742 sinistra
798 3691 885 3757 parto,
909 3689 932 3743 si
955 3689 985 3742 in
1008 3704 1081 3742 mare
1100 3688 1270 3743 Adriaticum
1295 3691 1361 3742 inre

248 3775 343 3844 haris),
358 3761 436 3834 'W'
456 3769 526 3846 ἥρως
550 3767 666 3849 ἆφίιιανο,
691 3765 1045 3848 χῶοψαμενηςἏφροᾶίτης,
1067 3773 1188 3832 ‘barton
1213 3776 1359 3848 τριλλλστοιν

247 3861 406 3936 μετεκίαθεν
424 3863 508 3922 deivos
524 3855 669 3935 Ἰβήρων.
689 3861 721 3917 cl.
742 3863 981 3932 Strab.1‚2§11
1008 3884 1037 3912 =
1066 3883 1092 3936 p.
1111 3867 1146 3920 22
1163 3873 1206 3920 καὶ
1231 3857 1262 3919 οὗ
1279 3860 1358 3936 μόνον

248 3971 278 4024 ys
296 3955 356 4020 περὶ
373 3939 492 4024 'lucidam
510 3943 575 4006 dita
591 3959 634 4006 καὶ
650 3957 723 4022 μέχρι
740 3950 797 4004 τῶν
814 3947 933 4018 ἐσχάτων
957 3951 1005 4018 τῆς
1024 3943 1164 4024 Ἰβηρίας
1186 3959 1259 4008 ἐστὶν
1280 3951 1357 4024 εὑρεῖν

248 4041 305 4108 'tiraq
333 4037 380 4106 τῆς
407 4043 505 4093 ἐκείνου
524 4032 687 4110 (Ὀδυσσέως)
714 4035 813 4106 πλάνης
836 4045 879 4093 καὶ
902 4037 989 4094 ἄλλον
1006 4037 1136 4095 πλειόνων
1165 4045 1193 4096 ot
1209 4043 1251 4096 vd.
1269 4043 1304 4097 ib.
1320 4031 1355 4092 111

250 4143 274 4184 c.
293 4127 310 4184 2
328 4128 343 4196 ἕ
362 4125 396 4182 13
418 4147 446 4176 =
468 4146 494 4198 p.
513 4130 565 4185 149
584 4146 624 4199 sq.

357 4215 385 4286 4)
406 4213 579 4281 ,Rhindaous'
599 4219 687 4272 exstat
703 4215 733 4268 in
752 4214 781 4270 F.
801 4213 832 4270 0.
851 4215 882 4268 V.
