2936 4718
772 310 817 378 44

142 504 149 523 ·
235 492 468 577 cognatas1)
488 490 651 574 petivisse.
689 491 809 558 Contra
831 492 983 576 Polybius
1005 495 1065 576 ΙΙΙ,
1093 497 1135 562 33
1155 494 1212 577 §5
1233 494 1383 558 Hanni-

236 594 340 658 balem
367 613 424 678 per
455 593 592 660 hiemem
623 592 820 676 Carthagine
855 595 946 660 Nova
974 605 1138 664 versatum
1169 616 1241 662 esse
1272 595 1382 674 dicit,

235 695 347 764 Livius
368 715 446 760 sero
466 694 549 762 XXI.
576 696 615 761 21
646 695 685 778 §ss
711 699 728 762 1
752 705 785 762 et
806 698 826 762 9
849 703 1015 780 utrumque
1044 698 1190 764 referens
1217 697 1381 781 primum

235 818 308 864 eum
332 797 563 879 Carthaginem
584 797 709 862 Novam
740 797 773 862 in
804 797 939 864 hiberna
961 809 993 863 et
1014 819 1091 864 vere
1119 800 1247 864 demum
1274 801 1380 864 inse-

235 900 344 982 quenti
378 899 486 966 Gades
520 917 556 963 se
590 899 807 964 conferentem
842 899 929 965 facit.
974 900 1064 978 Quae
1098 922 1169 966 cum
1202 903 1248 966 ita
1283 901 1378 980 sint,

234 1000 466 1086 Heynacherus
489 999 580 1084 (diss.
606 1020 639 1084 p.
655 1002 695 1066 18
717 1021 821 1084 progr.
839 1021 868 1084 p.
886 1000 939 1086 18)
961 1002 1178 1068 narrationem
1195 1002 1379 1072 Silianam

235 1123 308 1170 esse
330 1105 414 1182 ,eine
437 1103 618 1168 bestimmte
642 1099 817 1166 Differenz'
845 1111 945 1186 putat,
978 1122 1061 1187 quae
1095 1124 1134 1170 ex
1167 1104 1230 1168 alio
1263 1103 1374 1170 fonte

235 1223 330 1286 quam
365 1225 402 1270 ex
434 1204 518 1270 Livii
551 1212 584 1268 et
605 1204 729 1287 Polybii
763 1205 904 1270 historiis
938 1208 1126 1271 manaverit.
1178 1207 1220 1269 At
1251 1205 1372 1270 Silius
1442 1219 1443 1222 ’

234 1316 346 1373 cantra
378 1325 475 1390 quoru
507 1305 678 1390 scriptores
713 1305 759 1369 illi
789 1307 912 1372 faciunt
939 1307 1069 1372 minime
1097 1307 1138 1372 de
1160 1307 1369 1392 Hannibalis

235 1409 375 1476 exercitu
399 1405 484 1488 agit·
509 1408 616 1490 potius
649 1408 768 1487 omnia,
805 1427 887 1491 quae
918 1408 1060 1476 Gadibus
1093 1408 1255 1486 accidunt,
1292 1428 1367 1474 non

235 1511 297 1576 nisi
328 1511 433 1592 ipsam
457 1509 638 1574 Poenorum
673 1509 763 1574 ducis
797 1529 967 1593 personam
1002 1509 1189 1595 spectant.²)
1233 1509 1365 1588 Quidni

234 1612 333 1694 igitur
355 1611 477 1693 copias,
499 1629 571 1674 cum
587 1610 759 1694 imperator
774 1595 881 1676 statim
900 1612 1008 1678 Gades
1024 1613 1137 1688 adiret,
1158 1612 1364 1694 Carthagine

233 1713 327 1780 Nova
342 1713 506 1780 hiemasse
522 1712 694 1777 statuerit?
715 1712 827 1778 Noluit
842 1722 928 1777 certe
951 1714 1014 1778 iam
1038 1715 1111 1778 huic
1134 1714 1204 1778 loeo
1221 1713 1362 1778 Carrha-

234 1814 319 1898 ginis
339 1813 452 1880 Novae
475 1811 669 1880 mentionem
692 1815 869 1898 iniungere,
903 1816 978 1898 quia
1009 1816 1136 1898 partim,
1169 1834 1252 1897 quae
1287 1825 1359 1880 tam

235 1915 456 1982 memorabilia
485 1916 525 1980 de
553 1914 613 1978 hae
643 1917 720 1980 urbe
748 1917 908 2000 quamde
935 1919 1038 1982 altera
1065 1917 1210 2002 proferre
1232 1929 1358 1999 posset,

234 2037 298 2084 non
314 2017 433 2092 hahuit,
449 2017 578 2100 partim,
602 2017 634 2080 in
650 2037 713 2099 qua
728 2019 861 2101 regione
876 2019 933 2084 illa
949 2019 1012 2084 sita
1026 2028 1123 2097 esset,
1147 2018 1356 2105 depi.ngare⁸)

234 2120 277 2185 ad
309 2119 560 2203 expugnationis
590 2137 609 2181 a
639 2117 787 2205 Scipione
820 2119 927 2185 factae
960 2130 1087 2205 tempus
1117 2141 1285 2188 reservare
1320 2123 1354 2186 in

234 2223 342 2288 animo
365 2230 443 2290 erat.
486 2220 558 2298 Qua
579 2221 620 2284 de
643 2240 742 2286 causa
765 2232 888 2288 tantum
911 2224 1012 2298 abest,
1043 2226 1078 2287 ut
1099 2228 1195 2306 poeta
1217 2243 1242 2286 a
1258 2223 1352 2287 Livio

234 2325 412 2407 discrepet,
431 2329 466 2386 ut
490 2338 563 2386 eum
585 2321 690 2404 potius
712 2333 787 2387 ante
810 2324 921 2390 oculos
942 2324 1092 2390 habuisse
1120 2325 1276 2388 videatur.
1312 2325 1351 2392 ld

236 2425 322 2493 enirn
345 2443 384 2490 ex
406 2443 444 2490 eo
467 2434 612 2506 apparet,
643 2423 725 2506 quod
750 2423 903 2508 Polybius
933 2427 973 2490 de
1001 2427 1184 2492 Hannibale
1209 2427 1351 2492 Gadibus

235 2534 360 2592 morato
384 2543 514 2610 prorsus
537 2534 629 2591 tacet.
659 2525 802 2592 Gadibus
825 2526 921 2609 igitur
938 2528 1065 2594 Poenus
1080 2529 1211 2592 Herculi
1227 2529 1349 2614 dona4),

235 2647 316 2713 quae
331 2647 370 2694 ex
385 2626 639 2709 Saguntinorum
656 2628 732 2692 urbe
748 2628 812 2696 iam
826 2627 965 2694 flammis
980 2629 1099 2695 tradita
1111 2631 1206 2714 oepit,
1222 2630 1350 2695 dedicat

235 2743 297 2806 (rs.
324 2729 465 2812 14--16)
495 2730 515 2796 i.
542 2749 569 2793 e.
599 2729 644 2794 nil
678 2729 765 2792 aliud
795 2730 871 2796 lacit
896 2751 991 2813 quam
1021 2732 1105 2814 quod
1133 2733 1242 2797 Liuius
1264 2731 1348 2810 XXI,

342 3011 368 3080 1)
387 3009 499 3064 Praeter
525 3010 596 3066 locos
615 3025 631 3063 a
648 3009 781 3080 Rupertio
808 3009 934 3064 laudatos
961 3009 998 3066 ef.
1015 3011 1117 3068 Justin.
1135 3010 1229 3082 XLIV,
1251 3012 1267 3066 5
1293 3013 1308 3081 ξ
1328 3013 1344 3066 2

234 3097 371 3166 ‚Gaditani
390 3113 405 3152 a
424 3095 503 3166 Tyro,
522 3098 592 3153 unde
611 3101 638 3153 et
657 3095 926 3166 Carthaginiensibus
946 3099 1022 3167 origo
1041 3099 1100 3155 est'.

342 3187 370 3256 2)
390 3183 537 3256 Sieglinius
556 3186 664 3258 quidem
685 3185 750 3241 diss.
765 3185 838 3254 Lips.
858 3185 909 3241 Die
920 3185 1044 3242 Chronol.
1062 3187 1088 3242 d.
1101 3188 1193 3256 Belag.
1206 3187 1343 3258 v.Sagunt

235 3277 312 3332 1828.
332 3293 358 3346 p.
376 3276 411 3332 33
430 3275 465 3330 ud
484 3291 590 3330 versum
607 3275 657 3340 ΙΙΙ,
677 3275 730 3328 220
748 3278 883 3344 provocat,
903 3279 934 3330 ut
951 3275 1139 3332 Hannibalem·
1160 3276 1232 3347 apud
1251 3279 1343 3332 Silium

235 3383 305 3422 cum
326 3369 398 3422 toto
417 3365 575 3420 exercitu
599 3362 688 3418 Gades
713 3366 862 3433 protectum
887 3381 946 3419 esse
970 3363 1145 3430 demonstret,
1170 3383 1230 3420 cum
1253 3367 1340 3420 Livius

233 3452 305 3523 XXI,
324 3471 347 3512 c.
366 3455 409 3528 21,
427 3455 443 3524 fl
461 3454 478 3509 9
497 3456 558 3507 etc
584 3453 618 3508 22
636 3451 655 3522 ὃ
671 3452 689 3508 h
708 3481 742 3494 -
761 3452 787 3510 h.
806 3452 823 3506 Ι.
843 3453 993 3523 ‚exercitrrs'
1013 3455 1171 3522 genetivum
1195 3471 1255 3508 esse
1275 3458 1339 3510 recte
1440 3521 1441 3534 χ

234 3544 333 3600 statuit
350 3543 441 3600 adnot
452 3539 574 3599 ult-do
586 3539 740 3598 Hannibale
757 3542 813 3596 solo
831 3542 937 3596 locutus
954 3525 999 3607 sui.
1025 3542 1078 3596 Sed
1089 3559 1143 3596 uon
1161 3559 1251 3597 secum
1268 3559 1338 3612 rapu·
1440 3535 1441 3570 l

232 3633 304 3689 terit
318 3633 431 3688 maxime
454 3631 588 3688 lacertum
607 3645 673 3697 esse,
697 3645 763 3684 num
785 3645 879 3684 umens
903 3630 951 3684 ille
972 3629 1061 3685 adhuc
1084 3631 1119 3685 ad
1143 3630 1230 3685 Gades
1254 3632 1338 3686 urbem

232 3719 327 3778 ream
344 3723 445 3792 posset,
472 3719 544 3790 quia,
570 3734 640 3790 quae
664 3719 785 3783 ,noema
803 3735 841 3774 vs.
860 3718 913 3774 159
939 3719 1136 3788 significentur,
1163 3737 1220 3776 non
1244 3721 1337 3774 clarum

234 3812 286 3866 est.
323 3806 728 3874 meermannianam.

339 3895 367 3967 3)
385 3895 419 3952 cl.
437 3894 495 3962 XV,
514 3895 567 3950 220
586 3911 644 3966 sqq.

340 3985 369 4052 4)
390 3982 468 4054 Apud
490 3981 593 4041 lustin.
618 3981 717 4044 XVIII,
743 3983 758 4037 7
777 3981 793 4051 fi
813 3983 828 4037 7
848 3983 975 4039 Carthalo
998 3981 1233 4054 Carthaginiensis
1257 4004 1335 4044 rerer

232 4077 302 4142 utrm
325 4091 351 4142 ,a
367 4073 450 4144 Tyra..
474 4086 526 4142 quo
554 4071 684 4130 maiarum
703 4069 830 4132 Herculia
857 4069 927 4128 hare
955 4089 987 4130 ax
1014 4073 1120 4144 praeda
1131 4071 1265 4136 Siciliensi
1283 4117 1288 4130 .
1305 4117 1333 4134 ..

231 4166 331 4222 missus
349 4161 424 4220 erut)
