2908 4724
778 321 840 387 104

250 505 395 589 collegae
410 504 618 585 succurrisse,
634 511 667 568 et
683 504 782 572 Silius
797 525 845 570 vs.
861 506 926 571 494
947 523 1016 588 ,per
1031 503 1164 570 caerula’
1193 523 1266 570 eum
1285 504 1370 570 acci-

251 616 315 674 tum
332 628 406 673 csse
430 625 609 672 memorans
625 625 689 672 non
710 605 901 673 contradicit
915 606 1008 671 Livio
1030 606 1071 690 (c.
1086 607 1126 672 51
1143 607 1162 690 6
1177 607 1198 672 6
1213 615 1246 670 et
1259 609 1281 686 ξ
1296 604 1341 690 7),
1349 607 1371 687 ¹)

250 709 335 793 quod
358 709 497 790 denique
518 708 655 774 Romani
685 716 923 791 occupaverunt
943 708 1066 774 Padum
1093 710 1230 774 traicere
1262 707 1372 789 itaque

251 809 538 892 Carthaginienses
568 820 824 892 praecesserunt.
869 809 963 874 (lavit
992 809 1090 895 igitur
1119 809 1171 877 hic
1193 817 1300 894 poeta,
1331 828 1371 872 ne

252 931 322 977 cum
347 912 438 977 Livio
461 929 598 975 errorem
628 910 851 988 committeret,
880 918 914 974 ut
940 919 1035 976 antea
1065 912 1098 976 in
1122 909 1307 976 Hannibale
1331 909 1371 972 ad

251 1014 372 1078 Padum
395 1011 599 1094 accedente²i
623 1011 708 1076 fecit.

359 1115 503 1180 Alterum
525 1114 688 1179 consulem
707 1113 777 1177 Tib.
794 1114 1019 1196 Sempronium
1041 1134 1081 1178 ex
1100 1113 1214 1180 Sicilia
1239 1132 1372 1179 revoca·

252 1226 317 1282 tum
351 1217 451 1282 Silius
483 1235 639 1298 nusquam
675 1211 872 1298 ,Longum'³)
906 1226 1014 1294 vortat,
1048 1216 1106 1280 sed
1140 1236 1213 1281 cum
1246 1215 1318 1280 eius
1353 1233 1370 1278 e

253 1319 469 1410 Gracchorum
492 1318 616 1382 familia
637 1316 794 1398 originem
817 1318 947 1402 saepius
969 1318 1036 1402 (lv,
1058 1318 1131 1384 495.
1153 1317 1231 1398 515)
1258 1317 1368 1381 adum-

253 1422 387 1502 brasset,
415 1420 470 1497 IV,
498 1420 560 1486 699
589 1427 622 1484 ct
649 1419 720 1498 VIl,
746 1421 789 1484 34
817 1427 929 1503 aperte
956 1420 1167 1500 ,Gracchum’.
1221 1419 1316 1498 Quod
1344 1419 1369 1484 si

253 1531 381 1606 praeter
414 1529 541 1604 poetam
574 1521 673 1585 etiam
704 1519 877 1604 Eutropius
900 1522 962 1603 III,
992 1523 1013 1588 9
1042 1525 1062 1602 ξ
1088 1526 1101 1584 l
1127 1521 1183 1586 Dr.
1212 1521 1303 1598 iacit,
1338 1521 1367 1583 in

254 1642 376 1688 merum
399 1641 538 1686 errorem
561 1621 697 1704 scriptor
719 1621 929 1704 levissimus⁴)
953 1623 1089 1706 illapsus
1112 1622 1248 1689 ridetur.
1286 1622 1368 1702 Quid

253 1724 339 1789 enim
354 1725 522 1790 credamus
539 1723 600 1788 soli
615 1724 684 1788 eius
696 1724 838 1789 historici
852 1725 1046 1803 testimonio,
1062 1725 1125 1808 qui,
1140 1732 1175 1789 ut
1186 1725 1366 1808 exemplam

253 1846 293 1892 ex
315 1826 375 1890 hoc
399 1826 481 1890 hello
504 1825 648 1903 afferam,
670 1826 727 1905 Ill,
752 1827 791 1892 15
812 1829 832 1906 ξ
854 1827 874 1890 3
896 1825 955 1890 Dr.
977 1826 1151 1910 Magonem
1179 1846 1253 1892 cum
1276 1835 1367 1910 capta

254 1928 450 2010 Carthagine
487 1927 580 1993 Nova
622 1928 653 1990 in
694 1935 887 2010 potestatem
920 1928 1137 1994 Romanorum
1177 1927 1367 2004 redactum⁵t
1431 1915 1432 1920 ἵ

252 2030 445 2095 Hannibalis
483 2029 615 2094 fratrem
653 2029 754 2094 fuisse
781 2029 871 2094 nobis
899 2048 956 2112 pro
985 2047 1062 2094 vero
1085 2027 1270 2109 vendicasti
1301 2049 1364 2094 cum

254 2141 358 2199 tamen
376 2132 485 2215 Scipio
500 2132 609 2196 urbem
629 2149 801 2214 aggressus
825 2132 877 2210 sit,
898 2150 949 2212 ne,
973 2131 1000 2196 si
1015 2131 1154 2213 aliquem
1177 2150 1217 2196 ex
1239 2131 1365 2198 ducibus

254 2235 433 2300 Poenorum
458 2233 579 2317 proelio
603 2233 786 2314 lacesseret,
809 2242 874 2298 tres
898 2252 1008 2299 corum
1031 2234 1187 2298 exercitus
1210 2233 1243 2298 iu
1268 2233 1363 2299 diver·
1432 2297 1433 2300 ,

255 2356 309 2402 sas
341 2342 449 2417 partes
482 2334 617 2414 diducti,
650 2353 781 2416 quorum
814 2337 869 2399 uni
902 2335 1015 2417 Mago,
1049 2333 1243 2399 Hamilcaris
1277 2335 1360 2408 iilius,

255 2436 459 2521 praepositus
486 2434 594 2518 eracl)
623 2435 891 2518 coniungerentur
921 2446 954 2501 et
982 2436 1208 2520 praevalentes
1239 2455 1364 2502 numero

254 2540 433 2604 Romanum
456 2535 725 2620 opprimerent?⁸)
747 2537 846 2603 Silius
869 2547 977 2602 autem
1001 2557 1120 2602 morem
1144 2556 1238 2603 suum
1261 2539 1365 2614 tenuit,
1433 2561 1434 2564 ¹

255 2659 316 2724 quo
331 2639 473 2704 crebrius
488 2639 641 2704 Romanis
662 2639 841 2704 hominihus
860 2659 924 2704 nou
941 2659 1051 2705 verum
1068 2657 1177 2704 eorum
1192 2658 1364 2723 cognomen

255 2745 312 2809 sed
338 2740 426 2806 aliud
449 2741 593 2804 eiusdem
614 2745 732 2822 gentis,
766 2742 794 2806 si
823 2741 894 2806 fieri
924 2742 1027 2824 potnit
1053 2741 1218 2813 illustrius,
1252 2742 1363 2808 trihuit.

255 2845 310 2911 Sic
326 2845 360 2910 P.
376 2842 539 2908 Valerium
555 2841 817 2926 Flaccum⁹)-
828 2863 902 2908 nam
918 2861 990 2908 eum
1005 2843 1076 2908 sine
1091 2843 1187 2908 dubio
1202 2841 1362 2919 intellexit,

256 2985 342 2994 -—-
349 2983 468 2992 ----.-.-.

362 3035 388 3102 1)
407 3033 440 3088 ο1.
459 3033 527 3088 Ihne
544 3034 610 3088 hist.
628 3033 705 3091 Rom.
724 3033 752 3088 11
771 3051 797 3104 p.
817 3034 869 3089 158
897 3033 989 3091 adnot.
1008 3035 1057 3103 53;
1087 3035 1133 3103 qui
1160 3037 1253 3089 tamen
1282 3036 1310 3088 in
1335 3050 1360 3090 eo

255 3121 355 3176 nimius
374 3125 424 3186 est,
443 3121 514 3192 quod
532 3121 599 3176 dicit
624 3123 764 3192 ,Polybius
792 3124 913 3177 erutihnt
939 3139 991 3177 nur
1009 3123 1060 3178 deu
1078 3123 1281 3192 haudmarsch',
1308 3139 1360 3178 oum

255 3208 326 3280 apud
344 3226 405 3263 eum
424 3226 446 3266 c.
465 3209 499 3264 61
518 3209 534 3278 fi
554 3211 588 3264 10
605 3209 739 3278 legamus:
764 3205 777 3263 ι’
797 3208 826 3263 δὲ
848 3217 964 3281 Ίὶβέριος
981 3209 1043 3266 wis
1058 3215 1109 3280 μὲν
1131 3200 1185 3264 ἀπὸ
1205 3210 1256 3264 roi
1273 3207 1359 3264 cailo)

254 3305 401 3370 naporm'aa
418 3299 597 3365 συναθροίσας
614 3296 747 3367 ἐξεὲῑεμπε,
765 3298 936 3371 παραγγείλας
959 3301 1098 3354 ποιεῖσθαι
1123 3297 1183 3352 τὸν
1206 3298 1311 3353 πλοῦν
1332 3292 1361 3353 (ὃς

254 3387 295 3442 ἐπ’
315 3390 395 3445 οἴκου.

362 3477 391 3546 9)
411 3473 448 3534 ci.
465 3475 633 3544 Heerwagen
651 3491 695 3544 ap.
715 3474 794 3531 Cron.
812 3477 830 3531 l.
850 3493 873 3532 c.

362 3563 389 3634 3)
407 3564 464 3620 civ.
492 3563 566 3627 XXI,
585 3565 644 3622 cs
671 3565 730 3633 §8
753 3565 822 3636 App.
847 3565 918 3620 Iber.
943 3567 1027 3622 c.14.
1054 3563 1123 3618 Oros
1141 3563 1188 3627 lv.
1207 3565 1242 3620 14
1264 3582 1290 3634 p.
1307 3565 1353 3620 969

256 3649 349 3707 Zonar.
369 3651 440 3718 VlIl,
459 3653 494 3708 23
512 3654 575 3706 init.

361 3741 392 3811 4)
410 3741 443 3796 ci.
463 3740 571 3811 areop.
591 3742 633 3797 ed.
651 3741 695 3797 llr.
715 3742 868 3797 Heumann
886 3741 957 3797 1818
975 3741 1057 3810 praei.
1077 3759 1102 3812 p.
1121 3741 1165 3798 11.

362 3829 391 3896 t>
411 3829 443 3884 ci.
461 3830 518 3884 Lir.
538 3829 639 3897 XXVI,
657 3831 693 3886 46
710 3832 726 3898 ἓ
744 3831 769 3898 V,
788 3829 822 3885 51
841 3830 857 3898 ἓ
875 3830 900 3884 9.

362 3917 391 3982 6)
408 3915 512 3974 lladem
529 3918 639 3988 quidem
656 3919 794 3974 sententia
812 3918 921 3973 ridetur
938 3921 1036 3989 captus
1054 3920 1121 3987 App.
1139 3917 1209 3974 liter.
1229 3935 1253 3975 c.
1267 3919 1300 3972 16
1310 3931 1359 3985 sqq.

363 4005 390 4072 t)
409 4004 452 4060 vd.
471 4006 527 4062 hir.
546 4007 630 4072 XXV,
647 4007 683 4062 39
700 4007 716 4076 5
733 4007 752 4062 4
770 4005 804 4062 ci.
825 4004 926 4082 XXlll,
945 4007 981 4062 39
998 4005 1015 4075 5
1033 4007 1050 4060 h
1069 4009 1098 4060 et
1115 4006 1133 4075 ἕ
1150 4007 1193 4062 11.

361 4091 389 4162 8)
408 4091 448 4150 ud.
468 4093 527 4153 Liv.
546 4093 642 4162 XXVI,
660 4096 696 4150 49
714 4094 731 4166 ξ
749 4095 774 4149 9.

362 4181 391 4252 9)
410 4181 467 4240 ldv.
485 4179 559 4242 XXI.
578 4183 595 4236 6
613 4183 630 4252 fl
647 4183 674 4241 8.
