<?xml version="1.0" encoding="UTF-8"?>
<!DOCTYPE html PUBLIC "-//W3C//DTD XHTML 1.0 Transitional//EN"
    "http://www.w3.org/TR/xhtml1/DTD/xhtml1-transitional.dtd">
<html xmlns="http://www.w3.org/1999/xhtml" xml:lang="en" lang="en">
 <head>
  <title>
</title>
<meta http-equiv="Content-Type" content="text/html;charset=utf-8" />
  <meta name='ocr-system' content='tesseract 3.04.00' />
  <meta name='ocr-capabilities' content='ocr_page ocr_carea ocr_par ocr_line ocrx_word'/>
</head>
<body>
  <div class='ocr_page' id='page_1' title='image "./defidehistorica00schlgoog_0055.png"; bbox 0 0 2936 4718; ppageno 0'>
   <div class='ocr_carea' id='block_1_1' title="bbox 804 302 847 369">
    <p class='ocr_par' dir='ltr' id='par_1_1' title="bbox 804 302 847 369">
     <span class='ocr_line' id='line_1_1' title="bbox 804 302 847 369; baseline 0 0"><span class='ocrx_word' id='word_1_1' title='bbox 804 302 847 369; x_wconf 83' lang='lat'><strong>50</strong></span> 
     </span>
    </p>
   </div>
   <div class='ocr_carea' id='block_1_2' title="bbox 266 485 1422 773">
    <p class='ocr_par' dir='ltr' id='par_1_2' title="bbox 266 485 1422 773">
     <span class='ocr_line' id='line_1_2' title="bbox 268 485 1422 569; baseline -0.003 -15"><span class='ocrx_word' id='word_1_2' title='bbox 268 487 390 554; x_wconf 80' lang='lat' dir='ltr'><strong>Silium¹</strong></span> <span class='ocrx_word' id='word_1_3' title='bbox 414 495 445 553; x_wconf 90' lang='lat' dir='ltr'><strong>ct</strong></span> <span class='ocrx_word' id='word_1_4' title='bbox 468 487 628 552; x_wconf 86' lang='lat' dir='ltr'><strong>Zonaram</strong></span> <span class='ocrx_word' id='word_1_5' title='bbox 660 487 693 550; x_wconf 92' lang='lat' dir='ltr'><strong>in</strong></span> <span class='ocrx_word' id='word_1_6' title='bbox 727 486 842 552; x_wconf 90' lang='lat' dir='ltr'><strong>itinere</strong></span> <span class='ocrx_word' id='word_1_7' title='bbox 878 486 1006 552; x_wconf 88' lang='lat' dir='ltr'><strong>demum</strong></span> <span class='ocrx_word' id='word_1_8' title='bbox 1037 485 1217 569; x_wconf 89' lang='lat' dir='ltr'><strong>accideret,</strong></span> <span class='ocrx_word' id='word_1_9' title='bbox 1254 491 1330 556; x_wconf 90' lang='lat' dir='ltr'><strong>hoc</strong></span> <span class='ocrx_word' id='word_1_10' title='bbox 1362 495 1422 552; x_wconf 86' lang='lat' dir='ltr'><strong>tota</strong></span> 
     </span>
     <span class='ocr_line' id='line_1_3' title="bbox 266 586 1422 673; baseline -0.002 -19"><span class='ocrx_word' id='word_1_11' title='bbox 266 588 418 654; x_wconf 78' lang='lat' dir='ltr'><strong>carminis</strong></span> <span class='ocrx_word' id='word_1_12' title='bbox 442 586 559 655; x_wconf 87' lang='lat' dir='ltr'><strong>Siliani</strong></span> <span class='ocrx_word' id='word_1_13' title='bbox 581 588 692 670; x_wconf 88' lang='lat' dir='ltr'><strong>specie</strong></span> <span class='ocrx_word' id='word_1_14' title='bbox 714 595 843 654; x_wconf 90' lang='lat' dir='ltr'><strong>cantum</strong></span> <span class='ocrx_word' id='word_1_15' title='bbox 866 597 951 668; x_wconf 88' lang='lat' dir='ltr'><strong>erat,</strong></span> <span class='ocrx_word' id='word_1_16' title='bbox 985 587 1018 651; x_wconf 91' lang='lat' dir='ltr'><strong>in</strong></span> <span class='ocrx_word' id='word_1_17' title='bbox 1041 607 1102 670; x_wconf 89' lang='lat' dir='ltr'><strong>quo</strong></span> <span class='ocrx_word' id='word_1_18' title='bbox 1125 589 1251 655; x_wconf 90' lang='lat' dir='ltr'><strong>omnia</strong></span> <span class='ocrx_word' id='word_1_19' title='bbox 1277 589 1422 673; x_wconf 78' lang='lat' dir='ltr'>grandia</span> 
     </span>
     <span class='ocr_line' id='line_1_4' title="bbox 267 688 1419 773; baseline -0.001 -19"><span class='ocrx_word' id='word_1_20' title='bbox 267 690 415 756; x_wconf 86' lang='lat' dir='ltr'><strong>facinora</strong></span> <span class='ocrx_word' id='word_1_21' title='bbox 427 709 499 756; x_wconf 67' lang='lat' dir='ltr'><strong>&#39;non</strong></span> <span class='ocrx_word' id='word_1_22' title='bbox 523 709 563 756; x_wconf 86' lang='lat' dir='ltr'><strong>ex</strong></span> <span class='ocrx_word' id='word_1_23' title='bbox 585 709 797 773; x_wconf 85' lang='lat' dir='ltr'><strong>personarum</strong></span> <span class='ocrx_word' id='word_1_24' title='bbox 811 691 975 773; x_wconf 80' lang='lat' dir='ltr'>agentium</span> <span class='ocrx_word' id='word_1_25' title='bbox 990 688 1100 754; x_wconf 92' lang='lat' dir='ltr'><strong>indole</strong></span> <span class='ocrx_word' id='word_1_26' title='bbox 1115 698 1343 772; x_wconf 89' lang='lat' dir='ltr'><strong>repetuntur,</strong></span> <span class='ocrx_word' id='word_1_27' title='bbox 1368 689 1419 756; x_wconf 87' lang='lat' dir='ltr'><strong>sed</strong></span> 
     </span>
    </p>
   </div>
   <div class='ocr_carea' id='block_1_3' title="bbox 265 789 1440 1386">
    <p class='ocr_par' dir='ltr' id='par_1_3' title="bbox 265 789 1440 1386">
     <span class='ocr_line' id='line_1_5' title="bbox 265 789 1420 878; baseline -0.002 -21"><span class='ocrx_word' id='word_1_28' title='bbox 265 792 383 876; x_wconf 89' lang='lat' dir='ltr'><strong>potius,</strong></span> <span class='ocrx_word' id='word_1_29' title='bbox 416 800 450 857; x_wconf 91' lang='lat' dir='ltr'><strong>ut</strong></span> <span class='ocrx_word' id='word_1_30' title='bbox 472 791 622 874; x_wconf 83' lang='lat' dir='ltr'>Polybius</span> <span class='ocrx_word' id='word_1_31' title='bbox 644 793 705 869; x_wconf 94' lang='lat' dir='ltr'><strong>III,</strong></span> <span class='ocrx_word' id='word_1_32' title='bbox 731 791 775 857; x_wconf 88' lang='grc'><strong>48</strong></span> <span class='ocrx_word' id='word_1_33' title='bbox 795 793 856 876; x_wconf 71' lang='lat'><strong>§8</strong></span> <span class='ocrx_word' id='word_1_34' title='bbox 889 793 922 856; x_wconf 91' lang='lat' dir='ltr'><strong>in</strong></span> <span class='ocrx_word' id='word_1_35' title='bbox 951 789 1191 874; x_wconf 87' lang='lat' dir='ltr'><strong>tragoediarum</strong></span> <span class='ocrx_word' id='word_1_36' title='bbox 1226 794 1420 878; x_wconf 80' lang='lat' dir='ltr'><strong>scriptores</strong></span> 
     </span>
     <span class='ocr_line' id='line_1_6' title="bbox 265 890 1420 982; baseline -0.001 -23"><span class='ocrx_word' id='word_1_37' title='bbox 265 893 527 960; x_wconf 88' lang='lat' dir='ltr'><strong>animadvertens</strong></span> <span class='ocrx_word' id='word_1_38' title='bbox 553 902 646 961; x_wconf 89' lang='lat' dir='ltr'><strong>acute</strong></span> <span class='ocrx_word' id='word_1_39' title='bbox 672 894 754 961; x_wconf 83' lang='lat' dir='ltr'><strong>dixit</strong></span> <span class='ocrx_word' id='word_1_40' title='bbox 789 898 824 960; x_wconf 83' lang='lat' dir='ltr'><strong>at</strong></span> <span class='ocrx_word' id='word_1_41' title='bbox 852 894 1089 982; x_wconf 82' lang='grc' dir='ltr'><strong><em>καταστροφαὶ</em></strong></span> <span class='ocrx_word' id='word_1_42' title='bbox 1119 896 1185 958; x_wconf 86' lang='grc' dir='ltr'><strong>τῶν</strong></span> <span class='ocrx_word' id='word_1_43' title='bbox 1220 890 1420 981; x_wconf 77' lang='grc' dir='ltr'><strong>δραμάτων</strong></span> 
     </span>
     <span class='ocr_line' id='line_1_7' title="bbox 266 995 1419 1084; baseline -0.003 -24"><span class='ocrx_word' id='word_1_44' title='bbox 266 997 483 1084; x_wconf 79' lang='grc' dir='ltr'><strong><em>προςὸέοντατ</em></strong></span> <span class='ocrx_word' id='word_1_45' title='bbox 511 997 597 1060; x_wconf 76' lang='grc' dir='ltr'><strong><em>θεοῦ</em></strong></span> <span class='ocrx_word' id='word_1_46' title='bbox 625 998 681 1062; x_wconf 87' lang='grc' dir='ltr'><strong>καὶ</strong></span> <span class='ocrx_word' id='word_1_47' title='bbox 702 999 859 1082; x_wconf 76' lang='grc' dir='ltr'><strong><em>μηχανῆς.</em></strong></span> <span class='ocrx_word' id='word_1_48' title='bbox 903 995 959 1063; x_wconf 86' lang='lat' dir='ltr'><strong>sin</strong></span> <span class='ocrx_word' id='word_1_49' title='bbox 990 1004 1098 1058; x_wconf 88' lang='lat' dir='ltr'><strong>tamen</strong></span> <span class='ocrx_word' id='word_1_50' title='bbox 1129 1015 1162 1060; x_wconf 93' lang='lat' dir='ltr'><strong>re</strong></span> <span class='ocrx_word' id='word_1_51' title='bbox 1191 1015 1291 1062; x_wconf 88' lang='lat' dir='ltr'><strong>vera</strong></span> <span class='ocrx_word' id='word_1_52' title='bbox 1318 997 1419 1062; x_wconf 86' lang='lat' dir='ltr'><strong>Silina</strong></span> 
     </span>
     <span class='ocr_line' id='line_1_8' title="bbox 267 1096 1417 1182; baseline -0.003 -18"><span class='ocrx_word' id='word_1_53' title='bbox 267 1098 375 1164; x_wconf 81' lang='lat' dir='ltr'>Gades</span> <span class='ocrx_word' id='word_1_54' title='bbox 397 1097 520 1176; x_wconf 79' lang='lat' dir='ltr'><strong>innuat,</strong></span> <span class='ocrx_word' id='word_1_55' title='bbox 542 1096 677 1163; x_wconf 79' lang='lat' dir='ltr'><strong>forsitan</strong></span> <span class='ocrx_word' id='word_1_56' title='bbox 700 1117 799 1165; x_wconf 90' lang='lat' dir='ltr'><strong>causa</strong></span> <span class='ocrx_word' id='word_1_57' title='bbox 819 1100 862 1164; x_wconf 92' lang='lat' dir='ltr'><strong>sit</strong></span> <span class='ocrx_word' id='word_1_58' title='bbox 883 1096 1000 1164; x_wconf 93' lang='lat' dir='ltr'><strong>somnii</strong></span> <span class='ocrx_word' id='word_1_59' title='bbox 1023 1097 1214 1175; x_wconf 78' lang='lat' dir='ltr'><strong>recordatio,</strong></span> <span class='ocrx_word' id='word_1_60' title='bbox 1245 1117 1322 1182; x_wconf 86' lang='lat' dir='ltr'><strong>quo</strong></span> <span class='ocrx_word' id='word_1_61' title='bbox 1340 1098 1417 1163; x_wconf 78' lang='lat' dir='ltr'><strong>an-</strong></span> 
     </span>
     <span class='ocr_line' id='line_1_9' title="bbox 266 1199 1418 1282; baseline -0.002 -16"><span class='ocrx_word' id='word_1_62' title='bbox 266 1201 342 1282; x_wconf 87' lang='lat' dir='ltr'><strong>sari,</strong></span> <span class='ocrx_word' id='word_1_63' title='bbox 365 1220 435 1266; x_wconf 91' lang='lat' dir='ltr'><strong>cum</strong></span> <span class='ocrx_word' id='word_1_64' title='bbox 459 1199 633 1281; x_wconf 88' lang='lat' dir='ltr'><strong>aliquando</strong></span> <span class='ocrx_word' id='word_1_65' title='bbox 655 1200 770 1266; x_wconf 86' lang='lat' dir='ltr'><strong>eodem</strong></span> <span class='ocrx_word' id='word_1_66' title='bbox 798 1199 868 1266; x_wconf 91' lang='lat' dir='ltr'><strong>loco</strong></span> <span class='ocrx_word' id='word_1_67' title='bbox 891 1205 1084 1281; x_wconf 89' lang='lat' dir='ltr'><strong>versaretur,</strong></span> <span class='ocrx_word' id='word_1_68' title='bbox 1107 1199 1306 1266; x_wconf 83' lang='lat' dir='ltr'><strong>dominatio</strong></span> <span class='ocrx_word' id='word_1_69' title='bbox 1333 1201 1418 1266; x_wconf 91' lang='lat' dir='ltr'><strong>orbis</strong></span> 
     </span>
     <span class='ocr_line' id='line_1_10' title="bbox 265 1287 1440 1386; baseline -0.002 -17"><span class='ocrx_word' id='word_1_70' title='bbox 265 1309 422 1369; x_wconf 90' lang='lat' dir='ltr'><strong>terrarum</strong></span> <span class='ocrx_word' id='word_1_71' title='bbox 451 1308 598 1384; x_wconf 88' lang='lat' dir='ltr'><strong>portenta</strong></span> <span class='ocrx_word' id='word_1_72' title='bbox 625 1321 698 1366; x_wconf 90' lang='lat' dir='ltr'><strong>esse</strong></span> <span class='ocrx_word' id='word_1_73' title='bbox 721 1301 946 1386; x_wconf 78' lang='lat' dir='ltr'><strong>credebatur.1)</strong></span> <span class='ocrx_word' id='word_1_74' title='bbox 989 1301 1083 1365; x_wconf 90' lang='lat' dir='ltr'><strong>Hanc</strong></span> <span class='ocrx_word' id='word_1_75' title='bbox 1105 1302 1133 1366; x_wconf 91' lang='lat' dir='ltr'><strong>si</strong></span> <span class='ocrx_word' id='word_1_76' title='bbox 1155 1301 1413 1386; x_wconf 87' lang='lat' dir='ltr'><strong>interpretatio·</strong></span> <span class='ocrx_word' id='word_1_77' title='bbox 1439 1287 1440 1376; x_wconf 77' lang='lat' dir='ltr'><strong>l</strong></span> 
     </span>
    </p>
   </div>
   <div class='ocr_carea' id='block_1_4' title="bbox 265 1401 1440 3935">
    <p class='ocr_par' dir='ltr' id='par_1_4' title="bbox 265 1401 1440 3935">
     <span class='ocr_line' id='line_1_11' title="bbox 265 1401 1440 1490; baseline 0 -20"><span class='ocrx_word' id='word_1_78' title='bbox 265 1424 340 1470; x_wconf 91' lang='lat' dir='ltr'><strong>nem</strong></span> <span class='ocrx_word' id='word_1_79' title='bbox 373 1404 620 1486; x_wconf 74' lang='lat' dir='ltr'><strong>adoptaremur,</strong></span> <span class='ocrx_word' id='word_1_80' title='bbox 654 1405 838 1470; x_wconf 79' lang='lat' dir='ltr'><strong>necessarie</strong></span> <span class='ocrx_word' id='word_1_81' title='bbox 865 1404 994 1486; x_wconf 90' lang='lat' dir='ltr'><strong>quidem</strong></span> <span class='ocrx_word' id='word_1_82' title='bbox 1021 1401 1116 1468; x_wconf 89' lang='lat' dir='ltr'><strong>inde</strong></span> <span class='ocrx_word' id='word_1_83' title='bbox 1138 1412 1255 1470; x_wconf 89' lang='lat' dir='ltr'><strong>castra</strong></span> <span class='ocrx_word' id='word_1_84' title='bbox 1282 1425 1440 1490; x_wconf 63' lang='lat' dir='ltr'><strong>quoqne,</strong></span> 
     </span>
     <span class='ocr_line' id='line_1_12' title="bbox 265 1473 1440 1589; baseline -0.004 -15"><span class='ocrx_word' id='word_1_85' title='bbox 265 1525 398 1574; x_wconf 89' lang='lat' dir='ltr'><strong>movere</strong></span> <span class='ocrx_word' id='word_1_86' title='bbox 421 1504 541 1570; x_wconf 89' lang='lat' dir='ltr'><strong>milites</strong></span> <span class='ocrx_word' id='word_1_87' title='bbox 569 1503 675 1568; x_wconf 90' lang='lat' dir='ltr'><strong>iussos</strong></span> <span class='ocrx_word' id='word_1_88' title='bbox 703 1523 776 1570; x_wconf 87' lang='lat' dir='ltr'><strong>esse</strong></span> <span class='ocrx_word' id='word_1_89' title='bbox 807 1514 949 1571; x_wconf 82' lang='lat' dir='ltr'><strong>statuere</strong></span> <span class='ocrx_word' id='word_1_90' title='bbox 979 1526 1177 1589; x_wconf 84' lang='lat' dir='ltr'><strong>cogeremur,</strong></span> <span class='ocrx_word' id='word_1_91' title='bbox 1211 1507 1283 1573; x_wconf 93' lang='lat' dir='ltr'><strong>sed</strong></span> <span class='ocrx_word' id='word_1_92' title='bbox 1311 1510 1410 1574; x_wconf 88' lang='lat' dir='ltr'><strong>etiam</strong></span> <span class='ocrx_word' id='word_1_93' title='bbox 1439 1473 1440 1564; x_wconf 54' lang='lat' dir='ltr'><strong>l</strong></span> 
     </span>
     <span class='ocr_line' id='line_1_13' title="bbox 265 1601 1409 1688; baseline 0.002 -18"><span class='ocrx_word' id='word_1_94' title='bbox 265 1608 467 1686; x_wconf 87' lang='lat' dir='ltr'><strong>haberemus,</strong></span> <span class='ocrx_word' id='word_1_95' title='bbox 489 1605 565 1688; x_wconf 90' lang='lat' dir='ltr'><strong>quid</strong></span> <span class='ocrx_word' id='word_1_96' title='bbox 587 1605 731 1672; x_wconf 90' lang='lat' dir='ltr'><strong>consiliis</strong></span> <span class='ocrx_word' id='word_1_97' title='bbox 752 1607 943 1673; x_wconf 91' lang='lat' dir='ltr'><strong>militaribus</strong></span> <span class='ocrx_word' id='word_1_98' title='bbox 968 1609 1145 1674; x_wconf 89' lang='lat' dir='ltr'><strong>secundum</strong></span> <span class='ocrx_word' id='word_1_99' title='bbox 1162 1601 1310 1676; x_wconf 77' lang='lat' dir='ltr'><strong>Liviu&#39;m</strong></span> <span class='ocrx_word' id='word_1_100' title='bbox 1326 1608 1409 1688; x_wconf 84' lang='lat' dir='ltr'><strong>XXI,</strong></span> 
     </span>
     <span class='ocr_line' id='line_1_14' title="bbox 265 1707 1405 1794; baseline 0 -20"><span class='ocrx_word' id='word_1_101' title='bbox 265 1709 304 1774; x_wconf 83' lang='lat'><strong>21</strong></span> <span class='ocrx_word' id='word_1_102' title='bbox 328 1709 349 1791; x_wconf 60' lang='grc' dir='ltr'>ᾖ</span> <span class='ocrx_word' id='word_1_103' title='bbox 373 1708 496 1773; x_wconf 83' lang='grc'>10-22</span> <span class='ocrx_word' id='word_1_104' title='bbox 518 1707 538 1790; x_wconf 61' lang='lat' dir='ltr'>g</span> <span class='ocrx_word' id='word_1_105' title='bbox 557 1709 580 1772; x_wconf 84' lang='lat'><strong>4</strong></span> <span class='ocrx_word' id='word_1_106' title='bbox 604 1707 746 1773; x_wconf 78' lang='lat' dir='ltr'><strong>Gadibus</strong></span> <span class='ocrx_word' id='word_1_107' title='bbox 768 1709 810 1774; x_wconf 88' lang='lat' dir='ltr'><strong>ad</strong></span> <span class='ocrx_word' id='word_1_108' title='bbox 826 1708 967 1774; x_wconf 84' lang='lat' dir='ltr'><strong>Africam</strong></span> <span class='ocrx_word' id='word_1_109' title='bbox 983 1710 1242 1794; x_wconf 84' lang='lat' dir='ltr'><strong>Hispaniamque</strong></span> <span class='ocrx_word' id='word_1_110' title='bbox 1263 1711 1405 1778; x_wconf 89' lang='lat' dir='ltr'><strong>tuendas</strong></span> 
     </span>
     <span class='ocr_line' id='line_1_15' title="bbox 265 1799 1440 1898; baseline 0.002 -25"><span class='ocrx_word' id='word_1_111' title='bbox 265 1811 305 1875; x_wconf 89' lang='lat' dir='ltr'><strong>ab</strong></span> <span class='ocrx_word' id='word_1_112' title='bbox 328 1808 510 1874; x_wconf 89' lang='lat' dir='ltr'><strong>Hannibale</strong></span> <span class='ocrx_word' id='word_1_113' title='bbox 543 1809 646 1892; x_wconf 86' lang='lat' dir='ltr'><strong>captis</strong></span> <span class='ocrx_word' id='word_1_114' title='bbox 682 1810 900 1893; x_wconf 89' lang='lat' dir='ltr'><strong>responderet.</strong></span> <span class='ocrx_word' id='word_1_115' title='bbox 945 1811 1072 1876; x_wconf 91' lang='lat' dir='ltr'><strong>Deinde</strong></span> <span class='ocrx_word' id='word_1_116' title='bbox 1103 1813 1186 1897; x_wconf 88' lang='lat' dir='ltr'><strong>quod</strong></span> <span class='ocrx_word' id='word_1_117' title='bbox 1215 1813 1265 1878; x_wconf 90' lang='lat' dir='ltr'><strong>ad</strong></span> <span class='ocrx_word' id='word_1_118' title='bbox 1298 1813 1404 1898; x_wconf 87' lang='lat' dir='ltr'><strong>ipsum</strong></span> <span class='ocrx_word' id='word_1_119' title='bbox 1439 1799 1440 1810; x_wconf 41' lang='lat'>¹</span> 
     </span>
     <span class='ocr_line' id='line_1_16' title="bbox 267 1911 1402 1998; baseline 0.001 -22"><span class='ocrx_word' id='word_1_120' title='bbox 267 1911 384 1976; x_wconf 89' lang='lat' dir='ltr'><strong>somnii</strong></span> <span class='ocrx_word' id='word_1_121' title='bbox 407 1919 631 1993; x_wconf 83' lang='lat' dir='ltr'><strong>argumentum</strong></span> <span class='ocrx_word' id='word_1_122' title='bbox 653 1913 784 1992; x_wconf 88' lang='lat' dir='ltr'><strong>attinet,</strong></span> <span class='ocrx_word' id='word_1_123' title='bbox 814 1913 976 1978; x_wconf 86' lang='lat' dir='ltr'><strong>Weaelius</strong></span> <span class='ocrx_word' id='word_1_124' title='bbox 999 1933 1029 1997; x_wconf 90' lang='lat' dir='ltr'><strong>p.</strong></span> <span class='ocrx_word' id='word_1_125' title='bbox 1052 1915 1094 1980; x_wconf 83' lang='lat'><strong>49</strong></span> <span class='ocrx_word' id='word_1_126' title='bbox 1117 1933 1162 1998; x_wconf 86' lang='lat' dir='ltr'><strong>rq.</strong></span> <span class='ocrx_word' id='word_1_127' title='bbox 1185 1913 1219 1979; x_wconf 92' lang='lat' dir='ltr'><strong>id</strong></span> <span class='ocrx_word' id='word_1_128' title='bbox 1246 1935 1291 1982; x_wconf 84' lang='lat' dir='ltr'><strong>ex</strong></span> <span class='ocrx_word' id='word_1_129' title='bbox 1316 1914 1402 1980; x_wconf 84' lang='lat' dir='ltr'><strong>Cice-</strong></span> 
     </span>
     <span class='ocr_line' id='line_1_17' title="bbox 266 2012 1401 2094; baseline -0.003 -16"><span class='ocrx_word' id='word_1_130' title='bbox 266 2014 355 2078; x_wconf 92' lang='lat' dir='ltr'><strong>ronis</strong></span> <span class='ocrx_word' id='word_1_131' title='bbox 379 2013 449 2078; x_wconf 90' lang='lat' dir='ltr'><strong>loco</strong></span> <span class='ocrx_word' id='word_1_132' title='bbox 473 2012 603 2078; x_wconf 91' lang='lat' dir='ltr'><strong>laudato</strong></span> <span class='ocrx_word' id='word_1_133' title='bbox 626 2014 838 2080; x_wconf 88' lang='lat' dir='ltr'><strong>derivandum</strong></span> <span class='ocrx_word' id='word_1_134' title='bbox 860 2033 932 2080; x_wconf 91' lang='lat' dir='ltr'><strong>esse</strong></span> <span class='ocrx_word' id='word_1_135' title='bbox 955 2016 1091 2081; x_wconf 90' lang='lat' dir='ltr'><strong>censuit.</strong></span> <span class='ocrx_word' id='word_1_136' title='bbox 1136 2016 1245 2094; x_wconf 80' lang='lat' dir='ltr'><strong>Quam</strong></span> <span class='ocrx_word' id='word_1_137' title='bbox 1270 2025 1401 2086; x_wconf 83' lang='lat' dir='ltr'><strong>senten·</strong></span> 
     </span>
     <span class='ocr_line' id='line_1_18' title="bbox 266 2115 1399 2200; baseline -0.003 -20"><span class='ocrx_word' id='word_1_138' title='bbox 266 2115 345 2180; x_wconf 90' lang='lat' dir='ltr'><strong>tiam</strong></span> <span class='ocrx_word' id='word_1_139' title='bbox 391 2123 562 2198; x_wconf 91' lang='lat' dir='ltr'><strong>propterea</strong></span> <span class='ocrx_word' id='word_1_140' title='bbox 605 2115 786 2199; x_wconf 84' lang='lat' dir='ltr'><strong>imprimis,</strong></span> <span class='ocrx_word' id='word_1_141' title='bbox 839 2117 922 2200; x_wconf 87' lang='lat' dir='ltr'><strong>quod</strong></span> <span class='ocrx_word' id='word_1_142' title='bbox 967 2117 1128 2182; x_wconf 83' lang='lat' dir='ltr'><strong>Hannibal</strong></span> <span class='ocrx_word' id='word_1_143' title='bbox 1173 2117 1265 2199; x_wconf 89' lang='lat' dir='ltr'><strong>apud</strong></span> <span class='ocrx_word' id='word_1_144' title='bbox 1314 2116 1399 2181; x_wconf 82' lang='lat' dir='ltr'><strong>Cice·</strong></span> 
     </span>
     <span class='ocr_line' id='line_1_19' title="bbox 266 2215 1397 2291; baseline -0.003 -9"><span class='ocrx_word' id='word_1_145' title='bbox 266 2237 375 2282; x_wconf 84' lang='lat' dir='ltr'><strong>ronam</strong></span> <span class='ocrx_word' id='word_1_146' title='bbox 424 2217 456 2280; x_wconf 92' lang='lat' dir='ltr'><strong>in</strong></span> <span class='ocrx_word' id='word_1_147' title='bbox 509 2216 663 2282; x_wconf 90' lang='lat' dir='ltr'><strong>deorum</strong></span> <span class='ocrx_word' id='word_1_148' title='bbox 718 2225 851 2284; x_wconf 88' lang='lat' dir='ltr'><strong>vocatur</strong></span> <span class='ocrx_word' id='word_1_149' title='bbox 891 2219 1130 2291; x_wconf 85' lang='lat' dir='ltr'><strong>consilium,</strong></span> <span class='ocrx_word' id='word_1_150' title='bbox 1181 2220 1249 2282; x_wconf 92' lang='lat' dir='ltr'><strong>iam</strong></span> <span class='ocrx_word' id='word_1_151' title='bbox 1304 2215 1397 2282; x_wconf 83' lang='lat' dir='ltr'><strong>retel-</strong></span> 
     </span>
     <span class='ocr_line' id='line_1_20' title="bbox 266 2315 1397 2405; baseline -0.002 -23"><span class='ocrx_word' id='word_1_152' title='bbox 266 2318 305 2383; x_wconf 93' lang='lat' dir='ltr'><strong>lit</strong></span> <span class='ocrx_word' id='word_1_153' title='bbox 340 2316 571 2401; x_wconf 86' lang='lat' dir='ltr'><strong>Heynaoherus</strong></span> <span class='ocrx_word' id='word_1_154' title='bbox 614 2318 706 2401; x_wconf 79' lang='lat' dir='ltr'><strong>(diss.</strong></span> <span class='ocrx_word' id='word_1_155' title='bbox 743 2341 770 2403; x_wconf 92' lang='lat' dir='ltr'><strong>p.</strong></span> <span class='ocrx_word' id='word_1_156' title='bbox 810 2321 859 2398; x_wconf 86' lang='lat'><strong>19,</strong></span> <span class='ocrx_word' id='word_1_157' title='bbox 902 2339 1095 2404; x_wconf 87' lang='lat' dir='ltr'><strong>programm.</strong></span> <span class='ocrx_word' id='word_1_158' title='bbox 1131 2340 1162 2403; x_wconf 88' lang='lat' dir='ltr'><strong>p.</strong></span> <span class='ocrx_word' id='word_1_159' title='bbox 1200 2321 1269 2405; x_wconf 84' lang='lat'>18).</span> <span class='ocrx_word' id='word_1_160' title='bbox 1335 2315 1397 2385; x_wconf 85' lang='lat' dir='ltr'><strong>Sed</strong></span> 
     </span>
     <span class='ocr_line' id='line_1_21' title="bbox 266 2420 1394 2504; baseline -0.001 -21"><span class='ocrx_word' id='word_1_161' title='bbox 266 2420 338 2502; x_wconf 92' lang='lat' dir='ltr'><strong>ipse</strong></span> <span class='ocrx_word' id='word_1_162' title='bbox 373 2437 431 2501; x_wconf 94' lang='lat' dir='ltr'><strong>pro</strong></span> <span class='ocrx_word' id='word_1_163' title='bbox 472 2437 530 2482; x_wconf 90' lang='lat' dir='ltr'><strong>sua</strong></span> <span class='ocrx_word' id='word_1_164' title='bbox 566 2427 656 2503; x_wconf 91' lang='lat' dir='ltr'><strong>parte</strong></span> <span class='ocrx_word' id='word_1_165' title='bbox 692 2420 725 2484; x_wconf 94' lang='lat' dir='ltr'><strong>in</strong></span> <span class='ocrx_word' id='word_1_166' title='bbox 757 2432 993 2504; x_wconf 85' lang='lat' dir='ltr'><strong>programmate</strong></span> <span class='ocrx_word' id='word_1_167' title='bbox 1030 2422 1215 2490; x_wconf 88' lang='lat' dir='ltr'><strong>testimonia</strong></span> <span class='ocrx_word' id='word_1_168' title='bbox 1254 2424 1299 2486; x_wconf 86' lang='lat' dir='ltr'><strong>de</strong></span> <span class='ocrx_word' id='word_1_169' title='bbox 1338 2423 1394 2484; x_wconf 87' lang='lat' dir='ltr'><strong>trac</strong></span> 
     </span>
     <span class='ocr_line' id='line_1_22' title="bbox 268 2523 1393 2606; baseline -0.003 -21"><span class='ocrx_word' id='word_1_170' title='bbox 268 2540 302 2585; x_wconf 91' lang='lat' dir='ltr'><strong>re</strong></span> <span class='ocrx_word' id='word_1_171' title='bbox 346 2529 475 2584; x_wconf 84' lang='lat' dir='ltr'><strong>servata</strong></span> <span class='ocrx_word' id='word_1_172' title='bbox 526 2539 590 2584; x_wconf 92' lang='lat' dir='ltr'><strong>uno</strong></span> <span class='ocrx_word' id='word_1_173' title='bbox 635 2535 811 2606; x_wconf 87' lang='lat' dir='ltr'><strong>conspeetu</strong></span> <span class='ocrx_word' id='word_1_174' title='bbox 855 2525 1030 2606; x_wconf 86' lang='lat' dir='ltr'><strong>legentium</strong></span> <span class='ocrx_word' id='word_1_175' title='bbox 1076 2523 1177 2592; x_wconf 90' lang='lat' dir='ltr'><strong>oculis</strong></span> <span class='ocrx_word' id='word_1_176' title='bbox 1227 2524 1393 2590; x_wconf 87' lang='lat' dir='ltr'><strong>subiciens</strong></span> 
     </span>
     <span class='ocr_line' id='line_1_23' title="bbox 267 2621 1390 2704; baseline -0.002 -18"><span class='ocrx_word' id='word_1_177' title='bbox 267 2621 437 2704; x_wconf 83' lang='lat' dir='ltr'><strong>diligentia</strong></span> <span class='ocrx_word' id='word_1_178' title='bbox 463 2621 530 2698; x_wconf 90' lang='lat' dir='ltr'><strong>tali,</strong></span> <span class='ocrx_word' id='word_1_179' title='bbox 566 2624 694 2704; x_wconf 86' lang='lat' dir='ltr'><strong>qualem</strong></span> <span class='ocrx_word' id='word_1_180' title='bbox 716 2624 748 2689; x_wconf 93' lang='lat' dir='ltr'><strong>in</strong></span> <span class='ocrx_word' id='word_1_181' title='bbox 772 2624 846 2689; x_wconf 91' lang='lat' dir='ltr'><strong>aliis</strong></span> <span class='ocrx_word' id='word_1_182' title='bbox 869 2627 964 2692; x_wconf 90' lang='lat' dir='ltr'><strong>rebus</strong></span> <span class='ocrx_word' id='word_1_183' title='bbox 987 2629 1027 2690; x_wconf 91' lang='lat' dir='ltr'><strong>ab</strong></span> <span class='ocrx_word' id='word_1_184' title='bbox 1050 2646 1089 2692; x_wconf 92' lang='lat' dir='ltr'><strong>eo</strong></span> <span class='ocrx_word' id='word_1_185' title='bbox 1119 2625 1301 2692; x_wconf 88' lang='lat' dir='ltr'><strong>adhibitam</strong></span> <span class='ocrx_word' id='word_1_186' title='bbox 1323 2639 1390 2688; x_wconf 86' lang='lat' dir='ltr'><strong>esse</strong></span> 
     </span>
     <span class='ocr_line' id='line_1_24' title="bbox 267 2723 1390 2802; baseline -0.003 -12"><span class='ocrx_word' id='word_1_187' title='bbox 267 2725 416 2802; x_wconf 90' lang='lat' dir='ltr'><strong>velimus,</strong></span> <span class='ocrx_word' id='word_1_188' title='bbox 432 2723 548 2790; x_wconf 86' lang='lat' dir='ltr'><strong>Silium</strong></span> <span class='ocrx_word' id='word_1_189' title='bbox 556 2725 709 2790; x_wconf 88' lang='lat' dir='ltr'><strong>recedere</strong></span> <span class='ocrx_word' id='word_1_190' title='bbox 724 2728 764 2791; x_wconf 92' lang='lat' dir='ltr'><strong>ab</strong></span> <span class='ocrx_word' id='word_1_191' title='bbox 774 2727 922 2794; x_wconf 86' lang='lat' dir='ltr'><strong>omnibus</strong></span> <span class='ocrx_word' id='word_1_192' title='bbox 933 2728 1049 2794; x_wconf 90' lang='lat' dir='ltr'><strong>ceteris</strong></span> <span class='ocrx_word' id='word_1_193' title='bbox 1063 2728 1247 2794; x_wconf 88' lang='lat' dir='ltr'><strong>auctoribus</strong></span> <span class='ocrx_word' id='word_1_194' title='bbox 1261 2728 1390 2794; x_wconf 85' lang='lat' dir='ltr'><strong>demon-</strong></span> 
     </span>
     <span class='ocr_line' id='line_1_25' title="bbox 267 2825 1387 2906; baseline -0.003 -14"><span class='ocrx_word' id='word_1_195' title='bbox 267 2837 370 2892; x_wconf 90' lang='lat' dir='ltr'><strong>strare</strong></span> <span class='ocrx_word' id='word_1_196' title='bbox 402 2825 534 2892; x_wconf 90' lang='lat' dir='ltr'><strong>studuit.</strong></span> <span class='ocrx_word' id='word_1_197' title='bbox 577 2826 681 2906; x_wconf 85' lang='lat' dir='ltr'><strong>Quam</strong></span> <span class='ocrx_word' id='word_1_198' title='bbox 712 2828 782 2894; x_wconf 91' lang='lat' dir='ltr'><strong>eius</strong></span> <span class='ocrx_word' id='word_1_199' title='bbox 810 2829 951 2894; x_wconf 91' lang='lat' dir='ltr'><strong>tabulam</strong></span> <span class='ocrx_word' id='word_1_200' title='bbox 983 2830 1109 2896; x_wconf 89' lang='lat' dir='ltr'><strong>etiarnsi</strong></span> <span class='ocrx_word' id='word_1_201' title='bbox 1139 2832 1241 2895; x_wconf 91' lang='lat' dir='ltr'><strong>obiter</strong></span> <span class='ocrx_word' id='word_1_202' title='bbox 1267 2839 1387 2896; x_wconf 88' lang='lat' dir='ltr'><strong>tantun</strong></span> 
     </span>
     <span class='ocr_line' id='line_1_26' title="bbox 266 2926 1388 3011; baseline -0.002 -18"><span class='ocrx_word' id='word_1_203' title='bbox 266 2928 486 3011; x_wconf 88' lang='lat' dir='ltr'><strong>inspiciemus,</strong></span> <span class='ocrx_word' id='word_1_204' title='bbox 503 2926 566 2992; x_wconf 89' lang='lat' dir='ltr'><strong>iam</strong></span> <span class='ocrx_word' id='word_1_205' title='bbox 583 2931 799 2996; x_wconf 88' lang='lat' dir='ltr'><strong>narrationem</strong></span> <span class='ocrx_word' id='word_1_206' title='bbox 808 2930 966 2996; x_wconf 86' lang='lat' dir='ltr'><strong>Silianam</strong></span> <span class='ocrx_word' id='word_1_207' title='bbox 983 2932 1388 2998; x_wconf 84' lang='lat' dir='ltr'><strong>utaGiceronisZonarae·</strong></span> 
     </span>
     <span class='ocr_line' id='line_1_27' title="bbox 267 3029 1385 3117; baseline -0.002 -23"><span class='ocrx_word' id='word_1_208' title='bbox 267 3050 327 3114; x_wconf 88' lang='lat' dir='ltr'><strong>que</strong></span> <span class='ocrx_word' id='word_1_209' title='bbox 351 3029 533 3109; x_wconf 89' lang='lat' dir='ltr'><strong>abhorrere,</strong></span> <span class='ocrx_word' id='word_1_210' title='bbox 570 3031 615 3094; x_wconf 90' lang='lat' dir='ltr'><strong>ita</strong></span> <span class='ocrx_word' id='word_1_211' title='bbox 637 3050 710 3096; x_wconf 88' lang='lat' dir='ltr'><strong>cum</strong></span> <span class='ocrx_word' id='word_1_212' title='bbox 732 3032 816 3097; x_wconf 89' lang='lat' dir='ltr'><strong>Livii</strong></span> <span class='ocrx_word' id='word_1_213' title='bbox 846 3040 878 3098; x_wconf 89' lang='lat' dir='ltr'><strong>et</strong></span> <span class='ocrx_word' id='word_1_214' title='bbox 900 3033 1021 3100; x_wconf 90' lang='lat' dir='ltr'><strong>Valerii</strong></span> <span class='ocrx_word' id='word_1_215' title='bbox 1045 3034 1185 3110; x_wconf 84' lang='lat' dir='ltr'><strong>Maximi,</strong></span> <span class='ocrx_word' id='word_1_216' title='bbox 1218 3036 1274 3117; x_wconf 87' lang='lat' dir='ltr'><strong>qui</strong></span> <span class='ocrx_word' id='word_1_217' title='bbox 1300 3033 1385 3098; x_wconf 88' lang='lat' dir='ltr'><strong>illum</strong></span> 
     </span>
     <span class='ocr_line' id='line_1_28' title="bbox 267 3130 1384 3218; baseline -0.003 -21"><span class='ocrx_word' id='word_1_218' title='bbox 267 3130 438 3214; x_wconf 90' lang='lat' dir='ltr'><strong>descripsit</strong></span> <span class='ocrx_word' id='word_1_219' title='bbox 460 3130 485 3209; x_wconf 90' lang='lat' dir='ltr'><strong>l,</strong></span> <span class='ocrx_word' id='word_1_220' title='bbox 509 3132 527 3195; x_wconf 80' lang='grc'>7</span> <span class='ocrx_word' id='word_1_221' title='bbox 551 3141 612 3197; x_wconf 87' lang='lat' dir='ltr'><strong>ext.</strong></span> <span class='ocrx_word' id='word_1_222' title='bbox 635 3136 655 3214; x_wconf 64' lang='grc' dir='ltr'><strong>ξ</strong></span> <span class='ocrx_word' id='word_1_223' title='bbox 677 3137 693 3198; x_wconf 94' lang='grc'><strong>1</strong></span> <span class='ocrx_word' id='word_1_224' title='bbox 721 3134 905 3200; x_wconf 88' lang='lat' dir='ltr'><strong>consentire</strong></span> <span class='ocrx_word' id='word_1_225' title='bbox 927 3135 1117 3201; x_wconf 87' lang='lat' dir='ltr'><strong>videbimus.</strong></span> <span class='ocrx_word' id='word_1_226' title='bbox 1163 3135 1279 3218; x_wconf 86' lang='lat' dir='ltr'><strong>Neque</strong></span> <span class='ocrx_word' id='word_1_227' title='bbox 1303 3133 1384 3198; x_wconf 89' lang='lat' dir='ltr'><strong>enirn</strong></span> 
     </span>
     <span class='ocr_line' id='line_1_29' title="bbox 267 3230 1383 3321; baseline -0.006 -22"><span class='ocrx_word' id='word_1_228' title='bbox 267 3235 335 3299; x_wconf 88' lang='lat' dir='ltr'><strong>ulla</strong></span> <span class='ocrx_word' id='word_1_229' title='bbox 362 3234 427 3298; x_wconf 88' lang='lat' dir='ltr'><strong>alia</strong></span> <span class='ocrx_word' id='word_1_230' title='bbox 457 3252 492 3298; x_wconf 93' lang='lat' dir='ltr'><strong>re</strong></span> <span class='ocrx_word' id='word_1_231' title='bbox 518 3235 602 3298; x_wconf 91' lang='lat' dir='ltr'><strong>inter</strong></span> <span class='ocrx_word' id='word_1_232' title='bbox 630 3253 666 3299; x_wconf 90' lang='lat' dir='ltr'><strong>se</strong></span> <span class='ocrx_word' id='word_1_233' title='bbox 690 3233 848 3311; x_wconf 86' lang='lat' dir='ltr'><strong>differunt,</strong></span> <span class='ocrx_word' id='word_1_234' title='bbox 875 3256 970 3320; x_wconf 88' lang='lat' dir='ltr'><strong>quam</strong></span> <span class='ocrx_word' id='word_1_235' title='bbox 998 3237 1083 3321; x_wconf 91' lang='lat' dir='ltr'><strong>quod</strong></span> <span class='ocrx_word' id='word_1_236' title='bbox 1106 3237 1220 3303; x_wconf 85' lang='lat' dir='ltr'><strong>Silium</strong></span> <span class='ocrx_word' id='word_1_237' title='bbox 1249 3230 1383 3318; x_wconf 86' lang='lat' dir='ltr'><strong>,mortali</strong></span> 
     </span>
     <span class='ocr_line' id='line_1_30' title="bbox 267 3334 1383 3420; baseline -0.004 -18"><span class='ocrx_word' id='word_1_238' title='bbox 267 3337 376 3420; x_wconf 88' lang='lat' dir='ltr'><strong>specie</strong></span> <span class='ocrx_word' id='word_1_239' title='bbox 399 3334 609 3401; x_wconf 84' lang='lat' dir='ltr'><strong>excelsiorem</strong></span> <span class='ocrx_word' id='word_1_240' title='bbox 632 3335 790 3402; x_wconf 87' lang='lat' dir='ltr'><strong>invenem’</strong></span> <span class='ocrx_word' id='word_1_241' title='bbox 817 3338 941 3404; x_wconf 78' lang='lat' dir='ltr'><strong>adore</strong></span> <span class='ocrx_word' id='word_1_242' title='bbox 974 3340 1107 3406; x_wconf 90' lang='lat' dir='ltr'><strong>missum</strong></span> <span class='ocrx_word' id='word_1_243' title='bbox 1134 3359 1205 3404; x_wconf 90' lang='lat' dir='ltr'><strong>cum</strong></span> <span class='ocrx_word' id='word_1_244' title='bbox 1219 3334 1383 3404; x_wconf 66' lang='lat' dir='ltr'><strong>vblera-urio</strong></span> 
     </span>
     <span class='ocr_line' id='line_1_31' title="bbox 267 3438 1382 3522; baseline -0.004 -19"><span class='ocrx_word' id='word_1_245' title='bbox 267 3438 477 3503; x_wconf 86' lang='lat' dir='ltr'><strong>commutavit</strong></span> <span class='ocrx_word' id='word_1_246' title='bbox 498 3456 557 3502; x_wconf 88' lang='lat' dir='ltr'><strong>neo</strong></span> <span class='ocrx_word' id='word_1_247' title='bbox 572 3457 713 3522; x_wconf 86' lang='lat' dir='ltr'><strong>causam,</strong></span> <span class='ocrx_word' id='word_1_248' title='bbox 736 3459 799 3522; x_wconf 91' lang='lat' dir='ltr'><strong>qua</strong></span> <span class='ocrx_word' id='word_1_249' title='bbox 814 3451 919 3507; x_wconf 88' lang='lat' dir='ltr'><strong>motus</strong></span> <span class='ocrx_word' id='word_1_250' title='bbox 935 3441 1098 3507; x_wconf 92' lang='lat' dir='ltr'><strong>Hannibal</strong></span> <span class='ocrx_word' id='word_1_251' title='bbox 1114 3441 1204 3507; x_wconf 87' lang='lat' dir='ltr'><strong>vetiti</strong></span> <span class='ocrx_word' id='word_1_252' title='bbox 1220 3441 1382 3506; x_wconf 86' lang='lat' dir='ltr'><strong>immemor</strong></span> 
     </span>
     <span class='ocr_line' id='line_1_32' title="bbox 267 3538 1380 3627; baseline -0.004 -24"><span class='ocrx_word' id='word_1_253' title='bbox 267 3540 398 3622; x_wconf 88' lang='lat' dir='ltr'><strong>respicit</strong></span> <span class='ocrx_word' id='word_1_254' title='bbox 419 3559 458 3604; x_wconf 85' lang='lat' dir='ltr'><strong>ex</strong></span> <span class='ocrx_word' id='word_1_255' title='bbox 480 3538 669 3604; x_wconf 85' lang='lat' dir='ltr'><strong>curiositate</strong></span> <span class='ocrx_word' id='word_1_256' title='bbox 692 3541 771 3621; x_wconf 90' lang='lat' dir='ltr'><strong>eius,</strong></span> <span class='ocrx_word' id='word_1_257' title='bbox 794 3543 852 3608; x_wconf 91' lang='lat' dir='ltr'><strong>sed</strong></span> <span class='ocrx_word' id='word_1_258' title='bbox 875 3563 916 3608; x_wconf 86' lang='lat' dir='ltr'><strong>ex</strong></span> <span class='ocrx_word' id='word_1_259' title='bbox 931 3543 1067 3609; x_wconf 88' lang='lat' dir='ltr'><strong>tumultu</strong></span> <span class='ocrx_word' id='word_1_260' title='bbox 1086 3551 1159 3627; x_wconf 91' lang='lat' dir='ltr'><strong>post</strong></span> <span class='ocrx_word' id='word_1_261' title='bbox 1174 3552 1300 3626; x_wconf 88' lang='lat' dir='ltr'><strong>tergum</strong></span> <span class='ocrx_word' id='word_1_262' title='bbox 1315 3547 1380 3606; x_wconf 92' lang='lat' dir='ltr'><strong>orto</strong></span> 
     </span>
     <span class='ocr_line' id='line_1_33' title="bbox 266 3641 1377 3730; baseline -0.004 -24"><span class='ocrx_word' id='word_1_263' title='bbox 266 3642 388 3725; x_wconf 88' lang='lat' dir='ltr'><strong>repetit.</strong></span> <span class='ocrx_word' id='word_1_264' title='bbox 433 3641 503 3719; x_wconf 79' lang='lat' dir='ltr'><strong>Quo</strong></span> <span class='ocrx_word' id='word_1_265' title='bbox 535 3649 668 3725; x_wconf 88' lang='lat' dir='ltr'><strong>utroque</strong></span> <span class='ocrx_word' id='word_1_266' title='bbox 698 3643 744 3707; x_wconf 92' lang='lat' dir='ltr'><strong>nil</strong></span> <span class='ocrx_word' id='word_1_267' title='bbox 773 3645 932 3727; x_wconf 82' lang='lat' dir='ltr'><strong>explicatu</strong></span> <span class='ocrx_word' id='word_1_268' title='bbox 961 3645 1099 3712; x_wconf 86' lang='lat' dir='ltr'><strong>facilius.</strong></span> <span class='ocrx_word' id='word_1_269' title='bbox 1143 3644 1225 3709; x_wconf 86' lang='lat' dir='ltr'><strong>Nam</strong></span> <span class='ocrx_word' id='word_1_270' title='bbox 1257 3652 1377 3730; x_wconf 87' lang='lat' dir='ltr'><strong>poetae,</strong></span> 
     </span>
     <span class='ocr_line' id='line_1_34' title="bbox 266 3741 1377 3829; baseline -0.002 -23"><span class='ocrx_word' id='word_1_271' title='bbox 266 3762 360 3826; x_wconf 85' lang='lat' dir='ltr'><strong>quem</strong></span> <span class='ocrx_word' id='word_1_272' title='bbox 383 3741 504 3824; x_wconf 85' lang='lat' dir='ltr'><strong>figuras</strong></span> <span class='ocrx_word' id='word_1_273' title='bbox 533 3743 630 3808; x_wconf 89' lang='lat' dir='ltr'><strong>certis</strong></span> <span class='ocrx_word' id='word_1_274' title='bbox 657 3744 752 3811; x_wconf 92' lang='lat' dir='ltr'><strong>lineis</strong></span> <span class='ocrx_word' id='word_1_275' title='bbox 781 3746 1039 3829; x_wconf 87' lang='lat' dir='ltr'><strong>circumscriptas</strong></span> <span class='ocrx_word' id='word_1_276' title='bbox 1067 3747 1214 3814; x_wconf 84' lang='lat' dir='ltr'><strong>versibus</strong></span> <span class='ocrx_word' id='word_1_277' title='bbox 1241 3749 1377 3814; x_wconf 85' lang='lat' dir='ltr'><strong>intexere</strong></span> 
     </span>
     <span class='ocr_line' id='line_1_35' title="bbox 267 3844 1374 3935; baseline 0.002 -25"><span class='ocrx_word' id='word_1_278' title='bbox 267 3846 369 3922; x_wconf 91' lang='lat' dir='ltr'><strong>decet,</strong></span> <span class='ocrx_word' id='word_1_279' title='bbox 391 3844 548 3909; x_wconf 90' lang='lat' dir='ltr'><strong>incertum</strong></span> <span class='ocrx_word' id='word_1_280' title='bbox 571 3865 688 3911; x_wconf 90' lang='lat' dir='ltr'><strong>numen</strong></span> <span class='ocrx_word' id='word_1_281' title='bbox 713 3845 857 3912; x_wconf 88' lang='lat' dir='ltr'><strong>divinum</strong></span> <span class='ocrx_word' id='word_1_282' title='bbox 880 3867 918 3912; x_wconf 91' lang='lat' dir='ltr'><strong>eo</strong></span> <span class='ocrx_word' id='word_1_283' title='bbox 943 3847 1047 3913; x_wconf 92' lang='lat' dir='ltr'><strong>minus</strong></span> <span class='ocrx_word' id='word_1_284' title='bbox 1067 3849 1257 3916; x_wconf 82' lang='lat' dir='ltr'><strong>satisfacere</strong></span> <span class='ocrx_word' id='word_1_285' title='bbox 1272 3845 1374 3935; x_wconf 89' lang='lat' dir='ltr'><strong>potuit,</strong></span> 
     </span>
    </p>
   </div>
   <div class='ocr_carea' id='block_1_5' title="bbox 374 4123 728 4195">
    <p class='ocr_par' dir='ltr' id='par_1_5' title="bbox 374 4123 728 4195">
     <span class='ocr_line' id='line_1_36' title="bbox 374 4123 728 4195; baseline 0.014 -16"><span class='ocrx_word' id='word_1_286' title='bbox 374 4123 402 4195; x_wconf 87' lang='lat'><strong>1)</strong></span> <span class='ocrx_word' id='word_1_287' title='bbox 421 4124 454 4180; x_wconf 84' lang='lat' dir='ltr'><strong>cf.</strong></span> <span class='ocrx_word' id='word_1_288' title='bbox 471 4123 546 4181; x_wconf 81' lang='lat' dir='ltr'><strong>Suet.</strong></span> <span class='ocrx_word' id='word_1_289' title='bbox 566 4124 642 4181; x_wconf 87' lang='lat' dir='ltr'><strong>Caes.</strong></span> <span class='ocrx_word' id='word_1_290' title='bbox 661 4141 682 4184; x_wconf 89' lang='lat' dir='ltr'><strong>c.</strong></span> <span class='ocrx_word' id='word_1_291' title='bbox 703 4128 728 4185; x_wconf 77' lang='grc'><strong>7.</strong></span> 
     </span>
    </p>
   </div>
   <div class='ocr_carea' id='block_1_6' title="bbox 0 0 1472 4718">
    <p class='ocr_par' dir='ltr' id='par_1_6' title="bbox 0 0 1472 4718">
     <span class='ocr_line' id='line_1_37' title="bbox 0 0 1472 4718; baseline 0 0"><span class='ocrx_word' id='word_1_292' title='bbox 0 0 1472 4718; x_wconf 95' lang='lat' dir='ltr'><strong> </strong></span> 
     </span>
    </p>
   </div>
  </div>
 </body>
</html>
