2936 4718
759 305 798 370 12

218 501 339 570 genere
365 488 585 554 commendari
610 487 758 568 debuit‚¹l
786 496 862 554 ante
885 488 995 554 oculos
1018 490 1148 556 haberet
1169 511 1208 557 ae
1230 500 1340 556 tamen

220 587 319 654 multa
347 588 454 671 poesis
476 589 627 656 heroicae
649 590 766 654 rationi
789 591 893 674 magis
917 591 1087 674 adaptaret
1109 593 1178 658 nive
1201 594 1240 658 ab
1263 593 1341 657 aliie

220 709 397 766 arcessens,
414 709 496 774 quae
511 688 757 778 ποιητικώτερα
772 692 973 771 videbantur,
989 693 1058 757 eive
1073 694 1114 758 de
1130 714 1188 759 suo
1200 695 1339 778 fingens.

220 794 346 860 Verum·
368 794 455 858 enim
481 812 558 859 vero
588 813 624 858 se
651 794 684 858 in
708 803 805 877 poeta
826 794 991 860 tractando
1014 797 1152 876 versari,
1187 785 1281 861 ‘cuiue
1303 805 1341 860 ut

220 915 298 962 vera
330 895 418 962 dicat
447 895 552 960 minus
582 897 740 960 interesse
763 896 858 962 debet
879 915 975 979 quarn
1000 908 1034 962 ut
1066 897 1215 978 delectet,
1249 898 1339 982 Hey-

218 1000 376 1063 nacherus
399 1016 504 1082 paene
526 997 644 1061 oblitus
667 1015 740 1062 esse
762 997 898 1080 videtur,
926 1017 996 1062 cunr
1019 1000 1190 1082 perpaucis
1213 1009 1338 1064 tantum

217 1100 298 1165 locis
321 1100 499 1166 libertatem
523 1099 683 1182 poeticam
706 1099 767 1163 ribi
790 1098 948 1183 obiciatfl)
993 1101 1096 1168 imme
1122 1101 1186 1166 dici
1203 1102 1253 1166 vix
1268 1110 1337 1184 pot·

220 1209 279 1280 eet,
304 1221 399 1284 quam
421 1201 522 1266 multa
542 1201 673 1276 abeona,
696 1201 772 1282 quin
791 1202 889 1266 etiam
904 1202 989 1268 falsa
1004 1202 1097 1268 nobis
1111 1202 1340 1268 venditaverit.

219 1303 287 1370 Nec
311 1315 420 1368 tamen
448 1303 527 1368 illae
548 1303 715 1385 opiniones
739 1303 891 1385 indignae
914 1314 998 1383 sunt,
1022 1323 1104 1385 quac
1127 1303 1255 1369 tandem
1279 1305 1337 1367 ali-

219 1405 348 1490 quando
382 1401 581 1469 refellantur.
626 1403 706 1467 Natu
734 1404 796 1468 iarn
830 1404 925 1470 video
955 1423 1011 1468 ear
1034 1403 1131 1470 latius
1153 1406 1338 1490 exspatiari,

219 1527 290 1572 cum
315 1509 444 1589 praeter
459 1505 652 1587 Sieglinium
675 1505 695 1568 l.
711 1505 732 1570 l.
749 1507 844 1570 etiam
861 1505 988 1569 Baehr
999 1525 1042 1570 en
1053 1507 1170 1589 sium,
1192 1507 1334 1572 criticum

219 1607 321 1674 nostri
346 1608 431 1683 aeri,
466 1607 613 1688 quamvis
641 1607 673 1671 iu
703 1606 893 1672 coniecturis
916 1608 983 1672 suis
1005 1609 1105 1672 textui
1128 1608 1337 1674 obtrudendis

218 1710 316 1774 nimis
339 1708 508 1793 prodigum
531 1718 563 1772 et
584 1707 709 1773 Nicolai
732 1708 869 1789 Heiueil,
892 1709 980 1773 cuius
996 1710 1179 1792 exemplum
1194 1730 1230 1774 ee
1246 1710 1336 1793 aequi

218 1810 376 1894 facerunt)
399 1811 484 1876 male
507 1811 679 1888 aemulum,
709 1818 817 1874 tamen
840 1809 971 1874 minime
995 1811 1210 1893 spernendum
1237 1820 1269 1877 et
1291 1813 1334 1875 le·
1378 1889 1381 1892 ,

217 1914 323 1980 ctione
356 1922 523 1995 poetarum
545 1913 760 1978 Romanorum
795 1908 837 1986 ὥς
860 1933 936 1976 τινα
958 1914 1014 1977 καὶ
1035 1907 1137 1978 ἄλλον
1165 1915 1333 1995 imbutum,

219 2016 412 2098 deceperint.
457 2014 538 2080 Nam
564 2015 592 2079 is
614 2015 771 2098 quomodo
794 2013 940 2078 Bursian.
965 2015 1070 2079 relatt.
1093 2035 1168 2078 ann.
1190 2014 1229 2092 Χ,
1254 2015 1333 2080 1877

218 2137 249 2202 p.
271 2119 314 2184 52
336 2117 377 2182 de
399 2114 604 2200 Heynacheri
626 2133 723 2198 opere
746 2115 854 2178 dicere
875 2115 1014 2197 potuerit
1034 2116 1076 2191 ,in
1099 2116 1238 2180 welchcr
1254 2117 1333 2181 eben

218 2239 255 2288 so
291 2217 566 2302 umeichtigen
603 2219 664 2282 vvie
700 2216 916 2298 lleieeigen
941 2217 1053 2280 Arbeit
1089 2217 1146 2282 der
1178 2237 1333 2300 genade

218 2323 346 2389 Bcvveie
367 2321 498 2405 geldhrt
520 2320 610 2394 wird,
634 2318 709 2384 daea
725 2319 836 2382 Livius
859 2317 948 2383 nicht
969 2318 1021 2382 die
1036 2319 1252 2402 Hauptquclle
1276 2319 1335 2384 der

218 2426 317 2493 Silius
340 2444 422 2493 war,
456 2422 610 2500 eoudern,
641 2420 717 2484 daea
739 2420 821 2485 auch
844 2421 896 2483 ein
922 2421 1041 2485 alteret
1063 2422 1232 2500 Appellat,
1255 2422 1334 2487 viel·

217 2526 317 2591 leicht
337 2525 458 2590 Fabius
481 2523 603 2604 Pictor,
635 2541 696 2588 von
728 2522 793 2586 ihm
824 2522 954 2588 benutzt
977 2523 1034 2604 iet,
1058 2525 1155 2588 sumit
1175 2523 1246 2588 alec
1271 2524 1333 2587 deu

218 2628 340 2692 Punica
373 2626 430 2692 dee
458 2625 559 2692 Silius
590 2625 662 2689 eine
695 2622 814 2688 hahere
837 2623 1027 2706 Bedeutung
1055 2627 1104 2691 als
1129 2626 1333 2692 Geechichte·

217 2729 324 2813 quelle
336 2728 499 2794 uukcmmt
511 2728 560 2791 als
573 2726 680 2792 bicher
692 2745 927 2808 angenommcn
941 2727 1070 2810 wurde‚'
1093 2747 1157 2792 non
1170 2746 1334 2810 assequor.

326 2829 369 2896 Ut
391 2830 451 2896 hoc
473 2849 549 2895 vero
576 2828 727 2892 iudicium
750 2847 855 2892 meum
880 2830 1047 2912 probarem
1067 2839 1099 2895 et
1114 2829 1333 2912 unusquisque

217 2931 251 2996 id
284 2953 346 2996 non
376 2930 627 3009 obtrectationis,
661 2929 719 2994 sed
752 2928 885 2995 offucias
914 2930 1098 2996 removendi
1125 2931 1333 3014 veritatisque

217 3035 451 3116 expromendac
484 3033 591 3098 studio
622 3032 744 3098 factum
777 3049 851 3095 esee
873 3030 1007 3108 videret.
1040 3041 1188 3100 accurate
1222 3052 1334 3097 receu-

218 3133 336 3202 seudoa
353 3136 438 3218 elegi
461 3135 583 3200 libros
607 3135 698 3202 Silii
724 3132 906 3212 tertium,
929 3143 1124 3218 quartum,
1147 3135 1332 3221 quintum.

218 3235 280 3315 Qui
303 3245 334 3301 et
356 3237 525 3304 retundam
558 3236 650 3319 quasi
683 3237 850 3300 materiam
883 3239 1049 3300 continent
1072 3275 1109 3286 ...
1134 3239 1259 3303 scilicet
1281 3257 1334 3301 res

216 3343 291 3421 poelt
312 3338 495 3421 Saguntum
518 3360 538 3402 a
559 3338 678 3402 Poenis
699 3347 918 3420 expugnatum
951 3358 1052 3421 usquc
1073 3339 1115 3403 ad
1136 3339 1331 3403 Flaminium

218 3441 381 3508 consulem
408 3457 536 3506 caesum
569 3447 679 3522 gestae
710 3441 785 3520 ie.
810 3440 982 3524 praecipue
1012 3452 1076 3505 tren
1105 3441 1179 3504 illas
1207 3460 1334 3523 pugnas

218 3540 260 3606 ad
282 3542 443 3624 Ticinum,
458 3543 618 3618 Trebiam,
638 3541 923 3627 Trasumennum⁴)
946 3544 1060 3626 ingens
1083 3543 1201 3608 bellum
1223 3543 1333 3623 aurpi-

219 3717 431 3728 --·-—-—

324 3803 350 3874 1)
373 3805 408 3862 cl.
427 3804 511 3860 Blera,
531 3821 593 3860 nnn.
612 3805 745 3861 Flcclcia
765 3806 843 3874 1874,
862 3823 886 3875 p.
904 3804 966 3860 476.

323 3894 352 3964 2)
371 3893 406 3951 cl.
425 3909 515 3963 progr.
535 3911 560 3962 p.
580 3895 650 3961 26,5,
668 3911 694 3964 p.
712 3896 801 3961 etat.

324 3982 351 4050 3)
370 3980 454 4052 prael.
473 3983 515 4038 ad.
534 3983 593 4037 Val.
612 3983 701 4038 ulrice.
721 3983 799 4049 1876,
817 3999 843 4052 p.
863 3980 938 4040 XIII.

322 4072 350 4138 4)
369 4070 447 4126 Hauc
466 4087 527 4126 enee
545 4072 683 4126 meliorem
701 4071 820 4125 nominis
836 4069 950 4124 formam
968 4069 1048 4124 dccet
1066 4070 1215 4126 Brembuch
1234 4069 1330 4124 Hlills·

216 4161 346 4216 buchlein
370 4158 390 4215 l.
414 4161 464 4218 lat.
482 4159 686 4218 Rechtuhreib.
704 4159 783 4227 1876,
808 4175 832 4228 p.
851 4159 894 4214 64.
931 4157 964 4216 cf.
989 4159 1070 4214 etiarn
1088 4158 1170 4214 Helm
1194 4157 1277 4231 praef.
1297 4157 1331 4212 ad
