2908 4724
655 322 713 384 111

117 510 200 573 tum,
223 521 314 585 quem
338 503 489 589 Polybius
512 503 641 570 silentio
664 505 791 586 omittit,
819 525 858 570 ex
880 506 1029 571 Patavini
1052 526 1078 572 o.
1099 506 1141 573 58
1162 505 1201 590 §b
1222 507 1243 572 3

118 612 156 670 et
179 605 198 670 8
222 603 329 670 mixtis
352 625 423 672 cum
446 603 588 671 flosculis
604 605 801 688 Vergilianis
824 607 925 691 petiit,
948 607 1009 672 iter
1029 627 1086 690 per
1106 607 1243 692 paludes

118 705 260 772 vitiosas
295 703 415 774 factum
446 727 486 772 ex
516 707 659 773 eiusdem
695 707 799 784 ΧΧΙΙ,
827 728 852 775 c.
879 711 901 773 2
929 709 948 792 8
977 711 997 776 2
1028 728 1096 792 sqq.
1149 709 1243 788 Quod

118 827 316 891 quamquam
341 808 433 874 Livio
456 808 476 873 l.
502 809 521 874 l.
552 816 585 876 et
606 809 740 894 Polybio
768 811 829 888 111,
857 831 885 878 c.
909 811 949 880 79
978 810 1081 876 fusius
1109 830 1242 875 narrau-

118 911 208 976 tibus
231 911 354 975 dnobus
378 911 545 976 versieulis
569 913 644 995 (749
667 913 727 996 sq.)
751 912 900 993 absolvit,
924 922 1042 996 tamen,
1068 912 1144 995 quid
1166 911 1243 976 mali

121 1012 290 1077 insalubre
313 1013 427 1077 harum
449 1015 616 1095 regionum
645 1019 769 1079 caelum
793 1014 969 1079 Hannibali
998 1014 1152 1093 attulerit,
1181 1032 1244 1078 nou
1301 1029 1305 1040 ·

124 1114 334 1181 obliviscitur.
386 1113 498 1178 Altero
528 1115 613 1182 euim
643 1116 738 1182 ¹oculo
769 1135 840 1180 eum
869 1119 997 1198 captum
1025 1135 1098 1181 esse
1128 1135 1244 1181 eonve-

123 1219 253 1284 nieuter
286 1236 358 1281 cum
387 1215 512 1300 Polybii
543 1217 574 1299 (l.
604 1219 623 1282 l.
652 1219 758 1302 pla.)
789 1221 823 1283 et
850 1216 935 1282 Livii
963 1216 1045 1302 (1.1.
1077 1218 1242 1302 §10qu

120 1319 336 1384 relationibus
358 1317 437 1382 dicit
459 1319 521 1402 (rs.
538 1319 599 1386 752
622 1320 691 1405 sp).
727 1319 810 1385 Nam
833 1319 861 1384 si
878 1318 1109 1404 Heynaoberus
1124 1327 1243 1402 (progr.

120 1444 157 1508 p.
180 1421 232 1503 25,
250 1421 292 1505 1),
316 1418 401 1503 quod
423 1420 534 1484 oculus
557 1422 644 1505 apud
673 1422 789 1488 Silium
812 1420 967 1500 effluit,
993 1421 1244 1506 discrepantiam

121 1527 211 1592 inter
255 1531 381 1608 poetam
418 1529 450 1585 et
481 1521 650 1589 historicos
687 1522 887 1588 intercedere
919 1523 1113 1605 hariolator,
1150 1532 1245 1606 poeta

121 1627 306 1693 accuratius
329 1630 452 1688 tantum
480 1623 639 1706 originem
667 1626 834 1690 caecitatis
863 1625 1004 1707 exponit,
1032 1624 1117 1707 quod
1146 1624 1245 1690 variis

122 1728 232 1794 modis
255 1727 364 1794 facere
388 1726 501 1809 potuit,
525 1739 560 1791 ut
582 1729 693 1793 oculus
721 1736 776 1791 aut
805 1737 973 1791 emanaret
1001 1735 1057 1790 aut
1084 1725 1245 1812 arefactus

122 1832 287 1897 vieseeret
309 1836 365 1892 aut
386 1847 464 1911 pure
487 1839 557 1893 orto
580 1831 819 1912 extingueretur
841 1836 895 1892 aut
915 1829 1025 1895 nescio
1048 1827 1123 1910 quid
1146 1827 1246 1906 aliud,

124 1942 216 1998 certe
237 1939 344 1996 autem
369 1950 407 1994 ex
430 1931 592 1997 veteribus
614 1931 779 1997 annalium
796 1929 1005 2012 scriptoribus
1020 1938 1166 2012 repetere
1181 1948 1245 1993 non

122 2036 275 2100 debebat.
309 2031 399 2114 Quod
422 2038 552 2099 netum
577 2032 704 2117 quidem
728 2051 798 2096 cum
822 2032 1016 2096 necessitate
1038 2031 1132 2114 sequi
1154 2039 1245 2113 puta-

124 2137 241 2216 verim,
264 2135 292 2202 si
315 2155 355 2199 an
380 2135 522 2200 dextro
545 2135 762 2198 sinistrove
785 2131 900 2196 oenlo
925 2131 1098 2215 imperator
1120 2133 1246 2197 Poeno-

124 2259 199 2304 rnm
222 2238 366 2320 priuatus
389 2245 487 2315 esset,
510 2235 681 2318 diligenter
703 2233 887 2312 adiecisset,
903 2242 937 2299 nt
951 2233 1121 2299 Cornelius
1136 2234 1247 2317 Nepos

125 2341 234 2406 Hann.
264 2362 291 2406 o.
313 2343 335 2404 4
362 2339 381 2422 8
403 2340 424 2404 3
455 2339 574 2403 iustum
608 2337 741 2402 dextri
770 2335 855 2402 oculi
877 2355 969 2402 usum
993 2335 1024 2400 ei
1046 2336 1247 2402 imminutum

126 2461 202 2507 esse
225 2442 332 2505 tradit.
377 2441 447 2505 Hoc
480 2451 599 2506 utnon
634 2440 711 2506 fecit
734 2439 845 2522 Silius,
879 2438 924 2502 ita
958 2435 1085 2522 poetica
1117 2437 1247 2503 fictione

127 2542 266 2619 cladem,
296 2562 391 2626 quam
419 2541 506 2627 apud
533 2542 791 2607 Trasumennum
825 2539 971 2606 editurus
1002 2540 1045 2605 sit
1075 2541 1247 2620 Hannibal,

127 2646 220 2730 quasi
244 2644 398 2708 ultionem
422 2645 507 2708 oculi
530 2643 642 2709 amissi
664 2644 892 2725 interpretatur
915 2650 975 2715 (vs.
1001 2642 1064 2709 760
1085 2643 1164 2726 sqq.)

559 2829 613 2907 lv,
636 2828 814 2894 823-829.

238 2951 343 3016 Locus
366 2947 503 3031 denique
526 2967 626 3031 prope
649 2947 907 3012 Trasumennum
936 2947 1038 3013 lacum
1060 2947 1100 3012 ab
1123 2946 1249 3011 Hanni-

131 3053 205 3116 bale
229 3051 270 3116 ad
293 3050 429 3116 insidias
452 3049 594 3116 delectus
617 3071 637 3114 a
660 3048 741 3115 Silio
769 3049 840 3132 pari
868 3047 935 3114 fere
958 3067 1051 3133 quam
1079 3051 1119 3113 ab
1152 3048 1249 3114 histo·

131 3155 209 3219 ricis
227 3153 335 3237 specie
351 3153 491 3218 effertur.
520 3151 602 3216 Nam
618 3151 796 3230 ‚adversi
818 3159 929 3216 vertex
951 3149 1078 3216 montis’
1095 3153 1157 3233 (vs.
1173 3151 1265 3234 823)’

131 3259 203 3324 siue
240 3255 335 3322 dubio
369 3264 419 3318 est
454 3253 650 3337 Polybianns
687 3248 860 3338 ἀντικρὺ
881 3249 986 3343 λόφος
1007 3253 1047 3339 (o.
1069 3252 1111 3317 83
1132 3254 1153 3332 ξ
1178 3250 1248 3333 1)‚¹)

132 3360 255 3441 ‚laevi
277 3357 387 3424 colles’
410 3357 472 3443 (vs.
495 3357 570 3439 824)
590 3356 785 3439 respondent
808 3351 1025 3440 εὐωνύμοις
1045 3353 1179 3438 βουνοῖς
1200 3371 1251 3436 ap.

131 3461 244 3545 Polyb.
266 3465 286 3542 ξ
307 3461 339 3540 4,
362 3467 394 3524 et
416 3477 529 3523 versus
552 3457 615 3523 825
641 3455 693 3532 ,ad
721 3456 863 3521 claustra
892 3465 924 3522 et
956 3457 1097 3521 fauces
1131 3454 1250 3519 ducat

133 3741 249 3807 Quelleu
266 3740 424 3803 bewaisend,
444 3739 508 3794 dass
536 3756 565 3792 er
583 3736 696 3792 niemals
721 3736 765 3791 die
792 3737 821 3791 iu
839 3737 933 3792 Liuius
962 3736 1018 3790 und
1046 3734 1165 3790 anderen
1192 3751 1250 3789 ror·

132 3829 310 3888 hommenden
328 3828 478 3884 Dubletten
496 3826 564 3893 hat',
583 3826 622 3880 nil
639 3825 794 3896 perversius
814 3842 871 3880 esse
889 3829 988 3895 potest.
1028 3826 1070 3879 An
1088 3841 1124 3878 ne
1142 3828 1250 3878 tantum

134 3920 240 3989 quidem
271 3921 364 3986 poetae
389 3915 519 3970 iudicium
550 3915 710 3977 tribuamus,
742 3918 774 3968 nt
802 3918 852 3970 aut
880 3914 1039 3984 ampliorem
1068 3914 1251 3968 narrationem

133 4004 325 4064 circumcidere
343 4009 391 4060 aut
409 4007 518 4074 apertas
536 4004 742 4073 repugnantias,
767 4003 860 4073 quoles
878 4002 972 4057 Livius
997 4002 1026 4056 in
1045 4000 1251 4058 commiscendis

134 4097 239 4152 dnobus
256 4094 379 4149 lontibus
397 4094 567 4148 committere
585 4091 662 4156 solet,
681 4091 789 4145 abicere
807 4089 947 4160 potuerit?

242 4185 268 4251 1)
287 4181 319 4241 ei.
339 4183 396 4238 Lir.
415 4179 501 4248 xxu,
521 4199 541 4236 e.
561 4184 587 4246 4,
605 4179 620 4247 ξ
636 4182 656 4234 4
674 4194 715 4244 ‚ex
733 4177 897 4235 adverso'.
