2908 4724
800 329 841 394 oa

263 514 342 598 via'3
366 515 494 599 ,patulis
518 534 582 579 non
606 514 765 598 puppibus
796 515 927 596 aequus’
954 537 996 573 :
1017 532 1091 586 ,non
1114 514 1223 578 tamen
1249 513 1405 578 navium

262 617 390 699 patiens
419 616 489 699 est’3
528 615 579 698 ,Et
609 625 684 680 tnnc
716 617 816 681 imbre
846 636 958 680 recens
985 614 1065 679 fuso'
1088 624 1146 679 etc.
1171 637 1214 674 =
1249 624 1295 696 ,et
1320 623 1406 680 tum
1441 604 1442 696 i

265 720 347 784 forle
371 719 523 784 imbribus
546 717 677 782 auctus'.
722 717 781 782 Est
803 728 920 796 tamen,
943 719 1028 800 quod
1050 717 1265 800 Heynacbero
1295 738 1407 782 seru·
1441 701 1442 710 ἵ

262 821 356 903 pulos
380 821 531 886 moverit:
555 819 670 885 Silium
693 820 810 883 multos
832 819 958 902 gurgite
986 819 1136 902 abreptos
1165 818 1287 893 lacere,
1316 840 1407 884 eum

264 921 376 986 Livius
411 921 456 984 nil
491 921 530 986 de
564 922 624 985 lrao
658 941 692 984 re
725 919 900 984 tradiderit.
944 919 1036 999 Quod
1069 939 1124 984 cur
1157 940 1221 984 non
1245 920 1408 987 liberum

262 1031 379 1105 poetae
401 1023 673 1089 addimamentum
708 1042 781 1087 esse
814 1021 946 1087 iudicari
977 1022 1083 1104 liceat,
1117 1041 1181 1086 non
1214 1043 1409 1107 assequor,

262 1125 452 1207 praesertim
483 1145 554 1189 cum
584 1134 678 1206 poeta
709 1123 754 1186 nil
776 1124 839 1188 nisi
862 1123 999 1188 Liviana
1035 1143 1142 1206 ,super
1164 1125 1284 1188 cetera'
1328 1132 1406 1204 (vs.
1442 1145 1443 1170 ³

260 1235 388 1309 praeter
410 1225 677 1310 ‚trepidationem’
699 1236 731 1291 et
763 1228 913 1302 ,incertos
936 1225 1111 1304 elamores',
1143 1226 1258 1309 quibus
1282 1228 1408 1294 Poeni

262 1327 395 1392 fluvium
417 1328 582 1392 transituri
605 1331 776 1408 terrentur)
808 1328 934 1412 prolata
967 1327 1097 1410 propria
1132 1346 1190 1392 sua
1222 1328 1404 1413 interpre·

261 1429 383 1494 tatione
410 1428 590 1494 accuratius
623 1429 840 1510 explicaverit.
890 1431 932 1492 At
965 1428 1090 1494 accedit
1121 1428 1271 1507 alterurn,
1308 1430 1406 1495 licet
1443 1423 1444 1454 ³

261 1532 493 1614 Heynacberus
531 1552 594 1595 non
629 1532 854 1612 observaverit,
889 1531 971 1615 quod
1002 1529 1100 1596 Silius
1134 1539 1264 1614 praeter
1294 1551 1402 1612 saxa,

262 1651 344 1715 quae
368 1632 472 1696 amnis
496 1653 604 1698 secum
628 1633 730 1698 volvit
764 1635 861 1698 etiam
884 1632 1031 1710 ,truncos'
1054 1640 1086 1696 et
1108 1632 1250 1710 ,avulsas
1276 1638 1401 1700 ornos'
1444 1653 1445 1694 l

263 1753 518 1798 commemorans
548 1734 683 1798 aLivio
710 1736 836 1801 videtur
864 1740 1025 1800 recedere.
1069 1734 1139 1798 Hoc
1172 1733 1200 1796 si
1236 1753 1274 1797 re
1308 1757 1400 1801 vera
1444 1709 1445 1762 ¹

263 1835 309 1899 ita
331 1843 428 1915 esset,
465 1855 507 1902 ne
537 1843 605 1902 tum
626 1837 765 1920 quidem,
801 1856 872 1901 curn
895 1837 961 1900 alia
980 1844 1012 1900 et
1034 1835 1167 1900 fortiora
1188 1848 1400 1918 argumenta

263 1938 304 2002 ad
327 1937 521 2003 fulciendam
553 1938 636 2003 hano
665 1940 857 2003 sententiam
886 1938 1000 2008 desint,
1032 1937 1072 2001 de
1102 1937 1166 2000 alio
1194 1938 1266 2003 Silii
1295 1940 1397 2006 fonte

262 2039 447 2121 cogitarem.
480 2041 590 2125 Atqui
604 2041 715 2105 Livius
731 2041 810 2124 ipsc,
833 2040 917 2121 quod
940 2039 1169 2121 desideramus,
1195 2039 1295 2106 nobis
1314 2044 1399 2108 sub·

262 2143 466 2208 ministrabit.
523 2143 603 2206 Nam
635 2143 781 2225 quamvis
809 2142 997 2206 historicum
1030 2161 1048 2204 e
1079 2148 1175 2223 poeta
1207 2142 1397 2207 emendare

261 2244 346 2308 velle
365 2245 460 2327 paulo
478 2245 632 2309 audacius
651 2244 753 2308 videri
777 2243 889 2328 possit,
913 2251 1020 2307 tamen
1037 2241 1182 2306 ductibus
1198 2241 1397 2309 litterarum

262 2345 431 2427 corruptis,
448 2347 561 2428 quibus
576 2345 662 2428 apud
670 2345 796 2409 Livium
811 2365 902 2426 ,sana
915 2341 1115 2427 glareosa'
1128 2343 1273 2421 traditur,
1287 2366 1397 2412 nemo
1446 2350 1447 2438 l

261 2467 411 2528 magnam
435 2447 500 2509 vim
522 2446 650 2529 inferat,
677 2446 705 2511 si
726 2465 777 2510 me
793 2454 992 2530 proponente
1015 2446 1135 2510 scribat
1149 2465 1330 2527 ‚saxaque
1357 2457 1397 2514 et

262 2549 450 2612 arbores'.

686 2720 743 2797 ΙΙΙ,
768 2719 947 2786 477-556.

598 2825 697 2897 Poeni
721 2827 817 2912 lllpea
840 2824 1032 2896 ascendunt.

365 2947 507 3012 Tandem
532 2947 573 3010 ad
596 2948 696 3031 Alpes
720 2954 910 3032 perventum
933 2953 990 3008 est.
1037 2944 1099 3023 Qui
1132 2951 1257 3008 montes
1286 2946 1390 3014 altis-

260 3047 334 3111 simi
356 3059 388 3111 ct
410 3048 575 3114 immensis
598 3049 724 3114 nivibus
746 3046 913 3131 glacieque
943 3055 1074 3111 aeterna
1106 3046 1209 3129 operti
1246 3047 1392 3128 qualem

260 3146 503 3232 impressionem
541 3148 676 3213 militnm
713 3147 829 3212 animis
867 3148 1032 3213 effecerint
1068 3149 1147 3232 (vss.
1182 3148 1392 3234 476-482),

260 3249 357 3314 simili
386 3259 481 3332 atque
512 3270 531 3312 a
558 3248 651 3314 Livio
679 3249 779 3336 (XXI,
802 3270 829 3313 o.
851 3252 892 3316 32
916 3251 933 3334 ᾖ
957 3249 991 3334 7)
1028 3250 1122 3314 modo
1158 3250 1390 3318 adumbratur.

258 3349 417 3416 Nimirum
440 3359 678 3433 respecturum
703 3371 790 3416 more
812 3353 911 3416 variis
934 3351 1125 3418 calamistris
1155 3361 1187 3415 et
1208 3371 1389 3433 eompara-

261 3453 409 3528 tionibus,
431 3461 583 3536 quantum
608 3452 678 3517 fieri
694 3455 804 3536 potuit,
821 3462 1066 3536 exaggerantur.
1111 3453 1271 3532 Quantum
1287 3457 1387 3522 enim

259 3553 415 3618 Tartarus
435 3556 492 3618 sub
522 3563 639 3618 terram
669 3555 869 3634 extendatur,
902 3564 1025 3619 tantum
1053 3575 1150 3638 supra
1178 3574 1251 3618 eam
1272 3554 1388 3638 Alpes

260 3655 291 3720 in
315 3655 441 3723 caelum
471 3655 654 3740 prominere
683 3657 870 3738 dicuntur.¹)
925 3657 962 3721 In
993 3658 1033 3720 iis
1058 3676 1118 3722 nec
1139 3676 1195 3720 ver
1218 3676 1290 3722 esse
1312 3677 1386 3724 nec

259 3766 425 3844 aestatem,
462 3757 519 3823 sed
556 3757 694 3822 hiemem
730 3770 926 3841 perpetuam.
976 3757 1026 3824 Ibi
1062 3758 1204 3836 nubium,
1241 3757 1383 3840 nivium,

258 3867 485 3942 tempestatum
509 3879 580 3924 esse
605 3860 751 3942 patriam.
797 3859 917 3926 Oculos
939 3859 967 3925 si
989 3860 1059 3943 quis
1082 3860 1184 3936 tollat,
1213 3879 1290 3943 prae
1311 3859 1381 3924 im-

259 3961 346 4025 mani
370 3960 587 4044 magnitudine
610 3962 778 4025 caecutire.
820 3961 926 4025 Athon
949 3979 1037 4038 vero,
1067 3960 1219 4042 Taurum,
1243 3960 1377 4046 Ossam,

366 4186 392 4258 1)
412 4188 446 4248 ol.
467 4187 550 4256 Verg.
569 4189 634 4246 Aen.
653 4187 700 4254 IV,
718 4187 770 4242 445
790 4203 829 4257 sq.
849 4186 908 4241 Vul.
926 4184 1020 4244 Flauo.
1039 4185 1061 4254 1,
1080 4187 1135 4243 580
1154 4204 1194 4258 sq.
