2908 4724
637 340 677 406 97

78 526 167 592 locos
191 525 264 589 iam
290 545 315 590 a
343 525 612 592 Drakenborcbio
635 525 784 592 laudatos
807 524 945 607 legimus
966 523 1045 592 Tac.
1069 545 1143 591 ann.
1166 525 1220 608 Vl,

78 627 159 708 38²).
196 627 397 692 Metabus
420 634 500 710 (555.
521 627 584 694 337
608 635 640 692 et
661 629 738 707 340)
759 633 829 692 crat
855 623 942 714 ἥρως
963 623 1133 712 ἐπώνυμος
1154 627 1220 693 lle-

80 727 216 811 taponti,
247 736 289 793 ut
315 748 390 794 nos
413 749 452 795 ex
474 729 623 794 Antiochi
646 729 832 794 testimonia
863 748 885 793 a
906 729 1064 795 Strabone
1098 727 1168 814 (VI,
1191 732 1221 807 1,

82 833 102 908 ξ
126 827 224 894 15:
239 849 276 913 p.
304 831 386 916 265)
408 831 550 897 adhibito
572 831 738 911 discimus,
761 829 890 897 Silius
913 849 989 896 vero
1012 849 1050 896 ex
1071 849 1220 895 sermone

85 949 153 994 cum
183 931 314 998 incolis
346 933 416 998 eius
446 933 532 998 urbis
561 932 669 998 habito
692 932 743 998 vel
764 931 879 997 itinere
902 932 935 996 in
959 951 1030 996 carn
1053 932 1220 1014 regionem

86 1031 168 1098 lactu
201 1033 312 1099 facile
349 1053 544 1117 cognoscere
574 1035 687 1117 potuit.
730 1034 904 1098 Praeterea
926 1052 1044 1098 nomen
1066 1033 1164 1098 etiam
1185 1033 1218 1097 in

86 1134 225 1217 antiquis
261 1136 422 1201 Italorum
457 1135 575 1201 fabulis
608 1135 717 1200 nobile
749 1135 848 1200 151555
882 1135 995 1199 docent
1028 1133 1109 1200 (lato
1138 1133 1218 1216 orig.

83 1233 173 1315 lrgrn.
198 1237 245 1303 62
283 1239 354 1322 (ap.
378 1239 474 1302 Peter
507 1237 600 1321 lrgm.
631 1237 704 1303 blst.
734 1237 840 1319 Rom.)
873 1244 906 1300 et
938 1235 1033 1318 Verg.
1057 1237 1139 1302 Aen.
1162 1235 1218 1320 XI,

80 1336 143 1402 533
166 1338 275 1423 55553)
326 1339 488 1406 Ufentis
522 1339 651 1404 nomine
683 1338 849 1422 praeditus
878 1338 970 1403 miles
992 1337 1157 1402 Romanus
1187 1345 1219 1403 et

83 1436 115 1500 in
138 1437 239 1506 buius
264 1441 388 1524 proelii
410 1441 627 1527 descriptione
651 1450 783 1506 necatur
806 1453 868 1516 (vs.
893 1441 954 1506 337
978 1446 1010 1504 et
1030 1439 1108 1526 340)
1130 1447 1163 1504 et
1183 1441 1217 1504 in

86 1557 197 1621 pugna
222 1542 399 1609 05555551
422 1543 571 1608 dentibus
601 1542 766 1626 elephanti
789 1543 901 1608 Punici
930 1541 1066 1606 sublime
1100 1541 1221 1626 rapitur

85 1640 156 1722 (IX,
179 1643 278 1723 585).
315 1645 496 1710 Transtulit
516 1646 577 1710 hoc
599 1663 714 1708 nomen
751 1653 847 1727 poeta
868 1643 1003 1726 Vergilii
1036 1643 1218 1726 exemplum

83 1744 247 1830 secutus⁸)
288 1767 308 1811 a
337 1745 469 1810 flumine
495 1746 590 1825 Latii,
624 1745 666 1810 de
697 1764 760 1827 quo
795 1747 891 1810 etiam
919 1742 1219 1830 tribusUfentina⁴)

82 1863 200 1911 nomen
227 1848 369 1932 accepit.
398 1849 485 1931 Ipse,
501 1849 584 1913 sicut
601 1846 763 1930 Vergilius
778 1847 942 1926 5551111,
957 1847 1019 1912 802
1041 1855 1073 1910 et
1087 1846 1131 1923 X,
1144 1845 1218 1928 518,

85 1942 216 2013 fibulum
242 1950 476 2032 cognominem
491 1949 578 2022 VIII,
593 1948 656 2015 382
677 1948 853 2013 narrationi
876 1947 1023 2028 iniunxit,
1045 1957 1081 2012 ut
1096 1947 1219 2031 regula,

89 2065 177 2128 quam
191 2071 212 2114 5
224 2060 332 2136 55555
344 2051 472 2134 5555155
486 2052 651 2117 observari
665 2070 763 2133 supra
773 2054 818 2133 (5.
833 2052 875 2116 95
889 2047 981 2131 extr.)
995 2048 1136 2132 exposui,
1151 2067 1218 2112 rur·

93 2165 144 2212 sus
166 2153 390 2218 confirmetur.
435 2153 598 2220 Stenius
621 2153 681 2240 (vs.
693 2153 780 2232 343),
803 2150 885 2234 quod
901 2169 1018 2216 nomen
1035 2151 1068 2214 in
1084 2149 1216 2233 titulis⁵)

92 2247 225 2336 ideoque
251 2269 342 2320 recte
365 2256 436 2321 sine
459 2253 479 2323 lr
502 2257 608 2320 littera
629 2253 787 2331 scribitur,
811 2262 938 2340 praeter
956 2251 1088 2335 Vergilii
1112 2252 1217 2318 locum

90 2352 127 2416 ab
151 2356 338 2422 editoribus
369 2357 505 2423 accitum
536 2359 619 2422 iuter
640 2355 766 2420 nobiles
790 2354 982 2439 Campanos,
1007 2376 1139 2440 quorum
1162 2356 1217 2421 ho-

89 2454 183 2536 spitio
209 2459 380 2524 Hannibal
401 2459 559 2540 utebatur,
582 2457 761 2522 retentura
784 2457 874 2524 Livio
895 2457 1027 2544 (XXIII,
1050 2461 1108 2541 85
1131 2460 1163 2544 1)
1186 2466 1218 2524 55

88 2569 157 2622 erat
177 2578 383 2646 praenomen
410 2561 530 2627 Statilii
553 2560 758 2642 imperatoris
781 2560 992 2638 Lucanorum,
1024 2561 1077 2645 qui
1100 2561 1216 2627 Thuri·

88 2657 137 2724 nis
160 2661 350 2748 instabatss)
383 2663 567 2728 05111555
590 2663 653 2742 (55.
671 2662 749 2744 344)
775 2663 884 2728 555155
907 2662 1035 2728 lectoris
1056 2665 1164 2729 statim
1184 2665 1217 2726 in

90 2758 249 2830 051155
273 2765 305 2831 h.
327 2785 355 2829 5.
380 2763 579 2844 0515155155
603 2763 656 2827 551
684 2771 810 2846 portam
833 2761 991 2828 Collinam
1019 2763 1217 2850 convertitl)

89 2860 305 2933 Massicum
328 2867 475 2948 denique,
504 2864 594 2930 cuius
617 2865 756 2929 nominis
778 2865 891 2929 ducem
914 2864 1118 2932 Clusinorum
1140 2870 1218 2934 Ver·

89 2965 188 3045 gilius
214 2974 296 3035 Aen.
318 2967 358 3046 X,
383 2967 443 3032 166
466 2966 655 3050 participem
678 2966 766 3045 facit,
788 2966 859 3049 quis
875 2974 933 3046 est,
956 2967 1009 3050 qui
1021 2968 1134 3050 legens
1152 2991 1216 3036 non

92 3070 279 3136 meminerit
301 3070 419 3135 montis
443 3068 528 3137 illius
551 3069 591 3132 ob
615 3067 680 3134 vini
701 3068 880 3133 ubertatem
895 3077 960 3134 tam
976 3089 1075 3155 saepe
1089 3072 1215 3139 Horatii

92 3173 292 3237 carminibus
315 3169 487 3236 celebrati?

203 3310 232 3383 1)
252 3310 286 3366 ci.
305 3307 343 3375 ,L.
363 3307 461 3362 Tarius
485 3306 593 3377 (r)ulus'
619 3325 662 3378 ap.
682 3307 833 3364 Wilmauns
856 3327 896 3367 nr.
921 3311 1004 3377 2242,
1030 3309 1125 3365 51110.
1145 3309 1167 3366 Ι.
1186 3311 1218 3373 L,

92 3392 143 3464 III,
163 3401 236 3456 2877
256 3407 283 3454 55
300 3397 378 3454 2878.

94 3521 100 3534 ·
203 3491 230 3555 2)
248 3488 309 3543 Hoc
327 3487 395 3541 mihi
414 3483 598 3556 suppeditavit
614 3484 702 3540 Blass.
721 3485 853 3546 llloclais.
872 3504 933 3545 ann.
952 3487 1031 3556 1874,
1048 3503 1074 3555 p.
1092 3487 1154 3546 487.

203 3579 232 3644 3)
249 3577 318 3634 Aen.
336 3574 397 3642 VII,
417 3576 469 3632 745
488 3579 517 3632 55
533 3572 605 3642 VIII,
623 3575 649 3632 6.

202 3663 542 3735 bmmffimb

203 3756 232 3824 5)
251 3753 280 3812 0.
300 3752 321 3812 Ι,
341 3753 370 3816 5,
389 3752 426 3820 11,
444 3753 523 3808 5056,
543 3753 703 3808 Wilmanns.
723 3769 764 3808 nr.
783 3754 852 3809 2127
877 3757 905 3808 at
931 3753 975 3822 (cx
993 3751 1104 3808 'Ibaiani
1122 3753 1218 3824 imper.

98 3841 229 3915 tompore)
247 3843 319 3900 2844
336 3843 392 3899 tab.
411 3841 462 3908 111,
481 3841 530 3898 lin.
548 3843 592 3897 77.
628 3840 766 3897 11551551.
785 3857 807 3899 c.
824 3858 858 3896 nr
876 3843 928 3898 102
945 3842 971 3897 A
988 3841 1037 3900 lin.
1056 3841 1073 3896 6
1091 3843 1134 3910 (ox
1150 3845 1218 3898 tcm-

99 3942 162 3996 pore
179 3931 337 4002 Aureliani).

204 4023 232 4089 6)
249 4022 292 4076 vd.
310 4019 464 4076 Mommsen
480 4021 546 4080 5155.
564 4019 640 4074 Rom.
659 4018 693 4084 1⁶,
714 4020 775 4076 388.

205 4110 233 4178 7)
252 4109 288 4168 cl.
308 4108 353 4174 ,m
371 4109 491 4164 Pacilius
503 4107 632 4164 OoIIInus'
653 4106 682 4164 0.
701 4108 723 4163 Ι.
742 4109 772 4163 L.
791 4108 823 4176 V,
837 4108 914 4174 1738,
933 4109 1070 4172 ,Manilius
1083 4106 1216 4163 Collinus'

100 4189 135 4250 ib.
153 4197 231 4254 2650.
250 4197 290 4266 ,0.
311 4196 419 4252 Clodius
440 4195 583 4268 Collin(us)
602 4199 639 4259 ib.
658 4197 736 4254 6882.
