2908 4724
781 312 822 378 86

233 513 308 560 nem
330 495 455 562 eJoris
476 495 635 578 sanguine
656 493 815 577 originem
837 493 968 564 duxisse
989 499 1086 582 vulgo
1109 491 1292 565 creditum
1309 509 1378 558 esse

235 597 288 662 rei
309 595 414 680 ipsum
437 596 613 663 credidisse
621 596 665 683 i1)
708 597 752 662 At
773 596 1004 680 Heynacherus
1021 601 1114 682 (diss.
1128 619 1166 683 p.
1181 597 1247 674 25,
1272 614 1379 678 progr.

236 717 267 782 p.
290 699 332 764 22
354 698 393 764 cf.
416 717 520 786 progr.
544 723 575 786 p.
596 703 648 781 26,
670 697 705 784 5)
727 697 827 768 adicit
848 699 964 766 Silium
986 710 1020 769 et
1041 702 1175 770 Livium
1202 698 1335 780 ubique
1349 695 1379 760 in

233 800 388 884 auspiciis
410 803 589 869 referendis
611 803 694 867 inter
716 819 752 866 se
774 798 913 876 differre,
946 805 1030 887 quod
1051 822 1180 887 grave
1209 800 1261 866 sit
1286 817 1380 880 argu·

234 910 377 967 mentum
405 904 496 971 ilium
524 905 606 969 alios
627 923 723 986 quam
748 905 831 966 hunc
853 912 1000 970 auctores
1022 905 1232 989 respexisse.
1257 901 1380 966 Fateor

235 1021 287 1067 me
311 1003 414 1087 ipsum
439 1007 632 1073 contrarium
656 1003 786 1084 sentire.
830 1003 913 1070 Nam
935 1006 989 1073 hic
1012 1017 1090 1080 erat,
1113 1007 1172 1074 uhi
1190 1004 1300 1071 salvo
1314 1008 1379 1066 toto

233 1124 339 1176 rerum
369 1117 533 1191 gestarum
561 1116 673 1173 tenore
695 1126 828 1190 campus
849 1108 984 1190 poeticis
1008 1109 1149 1176 inventis
1176 1106 1328 1191 patebat
1349 1109 1380 1166 et

235 1207 334 1273 libere
364 1229 382 1274 e
404 1218 521 1294 poetae
542 1209 673 1295 iugenio
695 1215 839 1274 monstra
859 1227 1067 1294 quaecunque
1099 1211 1180 1276 addi
1220 1210 1379 1292 poterant

234 1310 346 1376 eodem
377 1311 560 1391 tendentia,
592 1330 654 1394 quo
677 1309 705 1375 si
727 1329 810 1392 quae
831 1329 866 1374 re
888 1330 966 1376 vera
987 1312 1174 1380 arriderent
1203 1317 1243 1376 et
1268 1307 1376 1374 trade-

232 1411 354 1476 bantur.
399 1414 454 1479 Sic
476 1415 582 1498 placet
604 1431 842 1494 nonnumquam
856 1413 961 1495 poetis
976 1414 1067 1478 varia
1082 1413 1257 1497 prodigia,
1285 1415 1376 1494 quot·

233 1523 309 1596 quot
334 1516 565 1598 excogitarunt,
601 1535 623 1579 ιι
653 1533 751 1578 unum
778 1511 989 1598 congererei)
1032 1515 1075 1580 Et
1096 1516 1168 1598 ipse
1195 1515 1372 1593 Lucanus,

233 1617 380 1696 quamvis
412 1618 507 1682 anxie
541 1615 682 1701 alioquin
711 1614 877 1680 historiam
906 1616 1051 1682 versibus
1078 1615 1312 1690 mandaverit,
1342 1613 1372 1676 iu

235 1715 391 1798 prodigiis
416 1718 606 1784 enarrandis
629 1718 813 1784 liberiorem
825 1736 860 1782 so
875 1717 986 1800 gessit,
1009 1718 1217 1798 vituperatus
1235 1715 1372 1799 quidem

233 1817 271 1881 ob
295 1818 328 1881 id
351 1839 371 1882 a
394 1840 510 1904 magno
534 1821 708 1903 scaligero,
742 1818 799 1884 sed
825 1823 913 1884 recte
940 1818 1093 1887 defensus
1116 1842 1135 1885 a
1158 1820 1296 1898 Gortio,
1319 1814 1369 1899 qui

233 1918 266 1988 iu
289 1919 430 1986 editione
449 1943 508 1988 sua
524 1942 543 1987 a
558 1923 695 1989 Webero
721 1924 831 1987 curata
852 1919 894 1984 ad
916 1921 941 2003 1,
963 1921 1027 1989 545
1050 1932 1082 1988 et
1104 1921 1171 1988 1111
1192 1929 1233 1987 11
1259 1925 1368 2004 ,poeta

233 2025 363 2103 autem',
384 2023 498 2105 inquit,
522 2025 613 2106 ,haec
635 2043 692 2106 pro
716 2041 802 2088 more
825 2041 882 2088 suo
904 2032 998 2089 ornat
1019 2032 1052 2088 et
1067 2033 1176 2108 auget:
1201 2023 1302 2106 quod
1317 2017 1367 2102 qui

232 2124 264 2188 in
288 2143 327 2191 eo
342 2127 549 2209 reprehendit
569 2126 726 2193 nescire
742 2144 777 2190 se
792 2125 911 2189 fatetur
927 2126 996 2191 eius
1012 2125 1165 2208 officium,
1184 2126 1250 2210 qui
1267 2124 1365 2189 histo·

232 2227 312 2292 riam
336 2219 477 2293 carmine
499 2229 639 2293 scribere
662 2226 846 2293 coustituit'.

338 2327 578 2395 Consectarium
601 2336 660 2408 est,
694 2335 729 2392 11
756 2329 817 2394 hoc
847 2348 968 2412 anceps
998 2327 1178 2412 auspicium
1198 2325 1315 2394 Poeni
1335 2329 1366 2388 et

233 2429 369 2495 Romani
392 2430 453 2494 sibi
469 2430 601 2514 quisque
624 2429 658 2495 in
681 2431 797 2495 bonam
819 2437 944 2514 partem
966 2438 1093 2496 vertant
1107 2433 1187 2514 (vas.
1210 2432 1278 2498 121
1293 2444 1361 2511 sqq.
1438 2437 1439 2468 ¹

234 2538 266 2595 et
295 2531 356 2597 132
385 2533 467 2616 sqq.)
504 2540 537 2598 et
569 2532 617 2596 illi
651 2531 797 2615 quidem,
835 2531 932 2596 finem
962 2531 1101 2616 prodigii
1128 2534 1361 2616 neglegentes,

232 2634 511 2718 praeclarissimos
540 2652 707 2700 successus
734 2635 795 2700 sibi
817 2633 966 2718 portendi
999 2635 1185 2717 opinentur,
1220 2655 1300 2700 cum
1328 2630 1359 2696 hi

232 2745 307 2821 post
327 2737 446 2803 multos
470 2736 596 2801 iabores
618 2735 749 2805 tandem
772 2737 912 2802 victores
935 2756 970 2802 se
994 2737 1146 2821 Scipione
1174 2737 1262 2804 duce
1287 2750 1358 2801 esse

232 2837 434 2906 discessuros
470 2837 673 2921 intellegant.
737 2839 828 2903 Haec
866 2839 894 2904 si
930 2840 1084 2906 Romanis
1122 2841 1355 2926 intorpretatur

230 2939 356 3022 Liger
382 2942 443 3024 (rs.
472 2941 556 3023 120),
589 2959 706 3006 nomen
734 2939 982 3026 Vergilianumi)
1009 2941 1183 3023 babemus,
1217 2953 1253 3009 et
1283 2941 1358 3007 licet
1438 3007 1439 3015 ,

232 3040 437 3110 adversarius
461 3043 503 3108 sit
518 3045 661 3114 Aeneae,
684 3043 716 3106 in
740 3039 922 3108 nominihus
944 3062 984 3108 ex
997 3043 1144 3109 Aeneide
1159 3042 1352 3128 desumptis,
1438 3042 1439 3055 ¹

232 3142 306 3227 quia
328 3144 438 3227 populi
462 3163 534 3210 cum
556 3142 707 3208 Troianis
736 3148 921 3226 pugnantes
947 3145 981 3209 in
1007 3144 1080 3228 ipsa
1100 3146 1198 3212 111111
1224 3145 1352 3213 hahita·
1438 3192 1439 3211 .

233 3245 322 3326 hant,
352 3264 415 3311 nou
445 3246 562 3328 ubique
591 3243 730 3310 aurificis
767 3252 887 3310 statera
912 3247 1178 3328 examinandum,
1218 3250 1276 3333 qni
1314 3244 1351 3310 ab

232 3348 361 3415 Aeneae
393 3347 537 3429 partibus
570 3345 728 3428 steterint,
762 3347 904 3430 quinon
935 3349 1095 3425 steterint,
1132 3369 1193 3416 nec
1221 3365 1352 3434 semper
1438 3397 1439 3405 .

231 3448 469 3532 postulandum,
483 3459 519 3513 ut
533 3448 592 3514 bos
602 3448 932 3534 Carthaginiensibus,
946 3451 1020 3516 illos
1031 3451 1185 3518 Romanis
1204 3453 1350 3536 assignet

232 3559 341 3634 poeta3
364 3551 391 3617 si
407 3549 726 3633 Carthaginiensibus
749 3551 881 3634 Bogus
904 3560 997 3618 vates
1017 3561 1068 3619 est
1089 3554 1148 3638 (11.
1166 3556 1251 3642 131),
1276 3571 1349 3621 cou-

229 3707 443 3718 —n—n-——n-——n-

249 3812 252 3818 '
336 3814 363 3882 1)
383 3813 424 3870 vd.
443 3799 555 3881 Rupert.
584 3813 627 3867 ad.
655 3813 704 3867 Sil.
724 3813 769 3885 IV,
800 3815 862 3881 476,
891 3815 938 3869 ubi
968 3816 1043 3871 inter
1069 3816 1141 3872 locos
1169 3817 1271 3874 citatos
1299 3827 1343 3886 pro

229 3898 289 3965 v11,
308 3901 360 3956 111
387 3901 533 3969 legandum
560 3901 679 3968 111481,
708 3906 737 3957 a
754 3901 903 3960 werstano.
932 3904 964 3958 11
984 3903 1157 3972 1111111,
1177 3906 1219 3972 ro,
1247 3887 1355 3962 11111

229 3988 484 4060 subrepturum,
504 3989 519 4060 5
538 3991 555 4046 2
573 3991 621 4047 Dr.
639 3991 754 4060 indigna
772 3995 838 4060 erat,
857 4007 925 4063 quae
944 3993 1134 4050 ascriberetur.
1210 4005 1212 4008 ·

335 4077 362 4149 2)
382 4077 414 4135 oi.
434 4079 625 4135 Drakenborch
647 4079 681 4134 ad
700 4080 748 4138 Sil.
767 4079 841 4148 VIII,
861 4080 923 4140 627.

335 4165 362 4237 11)
381 4168 450 4224 Aen.
468 4167 516 4239 IX,
534 4169 595 4224 571.
631 4167 667 4238 X,
685 4169 739 4224 576
758 4173 786 4224 st
804 4169 865 4229 584.
