2908 4724
633 325 673 391 69

48 509 206 574 Pelion
228 509 373 593 aliosque
404 517 529 574 montes
559 509 657 574 alium
685 511 739 574 alii
766 509 962 594 impositos1)
995 510 1045 574 his
1074 513 1211 577 molibus

61 611 241 694 superari
266 611 345 696 (uss.
371 611 564 692 ssa-495).
613 611 705 676 Hane
735 612 985 695 descriptionem
1015 621 1046 677 et
1073 633 1156 696 quae
1180 614 1210 678 ei

67 713 216 777 similia
238 713 337 780 Silius
368 713 508 796 protulit,
545 713 776 796 Hcynacherus
814 714 905 789 (diss.
929 736 958 798 p.
982 715 1033 794 23,
1058 717 1079 779 5
1101 735 1208 800 progr.

71 835 124 898 p.
164 817 215 896 21,
248 815 281 894 6)
317 835 389 880 cum
429 835 466 879 eo
504 817 677 893 connectit,
714 815 797 899 quod
834 816 984 898 Polybius
1021 817 1078 894 Ill,
1112 837 1139 882 o.
1167 819 1209 882 47

73 920 109 998 ἓ
135 917 239 982 6-48
261 921 281 998 ξ
304 918 324 982 9
350 918 383 981 in
407 917 578 982 nonnullus
602 917 776 1000 scriptores
799 917 969 992 invehitur,
1000 920 1053 1000 qui
1078 919 1208 1002 Alpium

73 1019 263 1084 transitum
295 1020 412 1084 fabulis
442 1019 681 1082 incredibilibus
710 1029 911 1095 exornantes
936 1024 973 1085 ut
994 1021 1130 1085 lectores
1154 1024 1208 1085 ob-

74 1130 278 1204 stupescere
300 1141 363 1186 non
388 1121 548 1201 desinant,
572 1120 699 1184 efficere
721 1120 831 1186 velint.
882 1121 949 1186 Nec
975 1130 1082 1186 tamen
1111 1142 1208 1186 unum

70 1243 128 1288 ex
160 1222 212 1288 his
243 1222 432 1304 auctoribus,
468 1241 546 1303 quos
578 1221 729 1306 Polybius
756 1222 955 1306 perstringit,
984 1223 1054 1289 Silii
1085 1224 1207 1287 sontem

70 1325 194 1389 fuisse
217 1324 292 1389 inde
320 1331 464 1406 apparet,
492 1323 575 1406 quod
604 1323 669 1388 illis
707 1325 767 1389 hoe
803 1324 973 1408 praecipue
1009 1337 1041 1390 et
1077 1327 1207 1408 saepius

70 1426 220 1510 quidem
244 1426 284 1512 (e.
306 1427 347 1491 47
370 1429 389 1506 ξ
412 1427 432 1491 8
454 1430 484 1489 et
506 1427 536 1503 9,
560 1447 586 1490 o.
608 1427 649 1491 48
671 1429 691 1507 ξ,
714 1427 809 1508 7--9)
849 1426 1019 1510 opprobrio
1056 1427 1207 1494 vertitur:

75 1548 146 1592 eos
172 1513 380 1611 asperitatem
402 1527 555 1606 locorum,
579 1527 631 1611 qui
654 1527 736 1590 adiri
758 1548 821 1592 non
846 1528 982 1610 possint,
1004 1536 1068 1592 tam
1092 1529 1207 1623 immp-

75 1629 171 1694 dieis
196 1629 354 1693 coloribus
378 1629 564 1712 depingere,
587 1637 622 1692 ut
644 1631 695 1692 vel
718 1628 812 1694 deum
837 1629 888 1693 vel
907 1629 1037 1693 heroem
1053 1630 1206 1696 inducere

75 1739 256 1814 cogantur,
293 1733 347 1814 qui
386 1731 598 1795 Hannibalem
633 1731 731 1794 tantis
762 1730 1004 1795 difficultatibus
1031 1730 1146 1796 liberet
1175 1740 1207 1796 et

76 1834 159 1898 vias
182 1834 212 1898 ei
236 1841 400 1898 monstret.
446 1833 564 1898 Contra
587 1840 710 1895 tantum
734 1833 835 1911 abest,
859 1841 893 1896 ut
913 1833 998 1916 apud
1014 1833 1128 1898 Silium
1152 1835 1205 1897 dei

81 1935 282 2000 Hannibalis
312 1937 441 2018 incepto
471 1934 600 2018 propitii
628 1934 702 2010 sint,
732 1942 766 1997 ut
793 1934 874 1997 fines
898 1953 973 1998 suos
997 1955 1106 1998 sacros
1130 1955 1205 2018 pro·

84 2037 197 2099 sanari
222 2037 372 2120 putent,²)
410 2038 435 2102 si
467 2035 630 2100 Hannibal
667 2055 722 2098 eas
751 2055 843 2099 arces
872 2036 1046 2100 intraturus
1085 2038 1135 2114 sit,
1172 2037 1205 2100 in

84 2138 202 2222 quibus
217 2141 348 2222 primus,
379 2140 476 2202 immo
501 2147 534 2201 ut
553 2157 619 2200 non
635 2136 764 2202 modoe
787 2147 852 2200 toto
872 2137 1067 2202 narrationis
1084 2138 1206 2217 habitu,

80 2239 147 2306 sed
184 2241 280 2304 etiam
319 2261 336 2304 e
375 2259 471 2306 versu
506 2239 564 2319 XI,
598 2239 660 2304 218
695 2246 881 2322 comparato
918 2241 1074 2320 sequitur,
1112 2239 1202 2304 solus

76 2352 183 2406 antea
209 2343 365 2408 Hercules
393 2342 508 2426 pedem
537 2341 723 2425 imposuerit
754 2343 834 2424 (uss.
857 2341 1054 2424 496-499);
1092 2340 1205 2424 itaque

74 2445 203 2509 milites
236 2445 289 2526 pia
315 2443 520 2524 verecundia,
547 2444 661 2507 velutsi
685 2465 704 2506 a
726 2452 842 2506 natura
870 2444 954 2507 ultra
976 2443 1126 2526 progredi
1150 2461 1203 2507 ve-

77 2556 201 2624 rentur,
225 2546 387 2610 haesitant
408 2547 485 2631 (uss.
507 2546 700 2624 abo-502).
744 2545 786 2609 Et
807 2545 936 2609 fuerunt
958 2544 1086 2628 quidem
1103 2545 1201 2608 histo·

75 2649 153 2720 rici,
175 2648 230 2729 qui
252 2647 353 2731 Alpes
376 2653 449 2729 post
470 2647 641 2712 Herculem
664 2647 703 2710 ab
719 2647 901 2711 Hannibale
915 2647 1019 2731 primo
1035 2655 1205 2728 superatas

76 2769 159 2815 esse
181 2749 354 2813 traderent.
398 2747 468 2812 Hoc
491 2755 523 2811 et
545 2769 562 2811 e
586 2748 680 2813 Corn.
705 2749 841 2831 Nepotis
857 2749 973 2828 verbis,
997 2767 1079 2831 quae
1095 2747 1202 2810 Hann.

77 2875 104 2918 c.
133 2851 338 2934 estraes
369 2851 518 2932 ,(Alpes),
551 2870 629 2934 quas
663 2871 757 2916 nemo
791 2871 939 2935 umquam
968 2871 1039 2916 cum
1063 2851 1204 2914 exercitu

76 2961 161 3020 ante
183 2973 255 3018 eum
271 2962 399 3036 praeter
415 2949 584 3016 Herculem
602 2951 733 3017 Graium
749 2951 931 3017 transierat’
953 2965 986 3016 et
1001 2971 1039 3015 ex
1052 2952 1203 3036 Appiano

77 3066 229 3142 apparet,
266 3055 351 3139 apud
387 3073 481 3136 quem
515 3052 676 3117 Hannibal
712 3055 783 3138 Syr.
821 3077 846 3120 o.
877 3057 914 3121 10
937 3053 1058 3138 Ephesi
1093 3073 1201 3119 coram

78 3158 236 3240 Scipione
259 3177 293 3220 se
316 3157 428 3221 iactat:
466 3159 600 3240 στρατῷ
628 3150 669 3218 τὰ
692 3149 829 3220 ’Ἀλπεια
852 3153 911 3238 ὅρη
934 3157 1015 3240 μεθ’
1037 3153 1203 3241 Ἡρακλέα

78 3263 216 3348 πρῶτος
238 3257 443 3345 ὑπερῆλθον.
498 3257 565 3322 Nec
598 3255 729 3322 Cassius
762 3258 823 3322 Dio
847 3258 974 3322 fabulae
998 3258 1122 3322 videtur·
1144 3259 1201 3320 im·

73 3379 206 3428 memor
241 3360 353 3440 tuisse,
390 3377 460 3421 oum
497 3358 588 3439 trgm.
625 3359 668 3424 54
697 3359 779 3443 §10
816 3359 927 3436 (Diod.
958 3371 1032 3424 tom.
1059 3361 1070 3422 Ι
1094 3381 1121 3437 p.
1145 3358 1202 3441 85)

80 3465 220 3529 diceret:
252 3459 312 3537 τάς
343 3484 377 3525 τε
394 3457 527 3535 ’Ἄλπεις
549 3463 680 3546 πρῶτος
701 3460 895 3548 ἀνθρώπων
921 3465 988 3526 τῶν
1010 3459 1068 3527 οὐκ
1091 3458 1201 3546 Εὐρω-

82 3568 201 3647 παίων,
225 3563 288 3631 ὅσα
310 3588 346 3648 ys
368 3561 461 3649 ἡμεῖς
483 3561 589 3647 iopen,
620 3559 679 3628 σὺν
703 3568 838 3650 στρατῷ
862 3565 962 3648 διέβη.
1004 3561 1059 3628 ·Ut
1093 3571 1198 3624 autern

83 3669 158 3754 ideo
190 3668 406 3732 necessarium
443 3687 529 3732 esse¹
551 3665 767 3732 existimemus
807 3667 881 3734 Silii
912 3666 1127 3730 narrationem
1166 3664 1200 3726 in

83 3769 143 3832 tali
164 3771 315 3852 scriptore
338 3770 407 3850 niti,
433 3769 485 3850 qui
509 3767 595 3832 idem
616 3788 656 3831 ac
677 3767 786 3850 Nepos
808 3769 982 3834 memoriae
1011 3767 1201 3851 prodiderit,

190 4015 217 4084 1)
236 4015 270 4074 cf.
298 4013 331 4069 de
358 4017 409 4069 hoc
436 4015 495 4067 loco
523 4015 554 4069 A.
580 4013 704 4080 Zingerle
730 4015 769 4068 Zu
796 4015 922 4082 spttercn
950 4011 1044 4069 latein.
1064 4009 1200 4065 Dichtern

88 4095 123 4166 ΙΙ,
139 4103 215 4169 1879,
234 4121 259 4174 p.
279 4104 313 4158 16
332 4121 371 4174 sq.
691 4121 695 4128 ·

191 4193 218 4257 2)
237 4191 273 4247 cf.
291 4191 349 4262 XV,
368 4192 421 4247 529
439 4208 479 4261 sq.
500 4194 527 4245 ot
545 4189 629 4257 XVIl,
648 4191 702 4246 500
720 4206 777 4261 sqq.
