2936 4718
624 322 663 388 21

78 506 157 584 Quo
180 504 266 569 facto
288 502 399 586 puella'
422 513 590 588 postquam
613 515 796 588 serpentem
818 505 959 591 edidit‚¹)
987 515 1073 572 metu
1102 507 1204 590 patris

82 607 162 670 irati
191 607 224 670 in
255 605 356 672 saltus
387 607 521 688 aufugit,
551 605 605 670 ubi
633 625 653 669 a
679 605 758 672 feris
787 607 946 673 dilaniata
973 617 1031 672 est.
1081 610 1206 673 Lacera

83 716 196 772 antem
211 715 338 772 amatae
363 709 503 772 membra
525 707 688 790 aspiciens
703 708 871 791 Hercules,
894 728 965 776 oum
989 709 1148 794 rediisset,
1171 710 1203 772 in

85 812 246 874 immanes
268 810 416 891 querelas
440 811 558 893 erupit:
593 818 625 873 et
651 811 781 874 nomine
808 820 872 874 tam
901 831 1019 894 magua
1047 831 1136 891 voce,
1170 820 1205 875 ut

85 933 167 978 saxa
189 920 389 994 resonarent,
413 913 542 995 saepius
566 913 702 978 clamato
726 912 898 978 lacrimans
914 931 985 976 eam
1001 913 1059 978 sub
1082 913 1203 978 tumulo

85 1013 245 1096 sepelivit.
274 1016 324 1077 Ab
340 1032 379 1078 ea
393 1021 518 1078 montes
535 1014 699 1096 appellati,
722 1015 774 1097 qui
793 1013 932 1079 Galliam
948 1014 1203 1098 Hispaniamque

83 1115 270 1196 seiungunt.
315 1115 406 1192 Quae
428 1116 538 1180 fabula
566 1135 604 1180 eo
634 1123 684 1180 est
706 1115 950 1189 memorabilior,
981 1117 1057 1198 quia
1079 1117 1203 1180 Plinius

78 1215 123 1281 N.
134 1216 172 1281 Η.
188 1215 247 1283 Ill.
271 1220 330 1282 el
355 1217 410 1300 §8
432 1219 502 1283 eius
524 1217 574 1282 his
597 1217 703 1281 verbis
726 1217 920 1282 mentionem
945 1217 1079 1300 ingerit:
1104 1217 1202 1300 ‚Quae

79 1327 193 1382 autem
214 1318 256 1383 de
271 1319 410 1386 Hercule
432 1330 464 1385 et
485 1321 611 1403 Pyrene
634 1319 686 1384 vel
702 1319 841 1384 Saturno
857 1319 1034 1398 traduntur,
1057 1319 1204 1384 l'abnlosa

79 1421 244 1504 imprimis
266 1422 420 1487 arbitrur'.
463 1423 500 1487 In
524 1440 586 1505 qua
607 1440 641 1484 re
664 1439 733 1485 eum
756 1420 908 1486 Varronis
931 1420 1029 1486 libros
1058 1421 1202 1504 perditos

80 1522 231 1587 videatur
247 1523 428 1605 respexisse
443 1544 503 1588 nec
518 1523 657 1607 amplius
673 1523 840 1607 quicquam
856 1523 964 1606 addat,
981 1523 1080 1589 Silius
1095 1543 1202 1588 narra-

82 1625 205 1689 tionem
238 1626 485 1708 mythologicam
519 1626 595 1690 alibi
628 1626 720 1689 nobis
753 1645 818 1689 non
846 1624 997 1691 traditam
1027 1625 1203 1690 memoriae

82 1728 228 1792 servarit
250 1747 355 1810 neque
378 1727 475 1792 fidem
498 1726 694 1804 historicam,
723 1725 752 1790 si
779 1747 860 1811 qnae
891 1735 941 1792 est
969 1728 1001 1791 in
1032 1725 1149 1790 talibus
1172 1725 1203 1790 ei

83 1827 244 1910 derogare
266 1849 446 1913 possemus,
480 1829 508 1893 si
539 1847 647 1893 rernm
676 1837 773 1907 esset,
804 1828 888 1911 quod
919 1828 1097 1894 Cosaclxius
1128 1827 1203 1891 dicit

85 1933 210 2012 quaest.
233 1931 290 1996 Sil.
312 1951 344 2014 p.
366 1932 410 1998 56
434 1949 549 2013 ,neque
572 1930 658 1994 enim
681 1939 740 2010 est,
771 1949 826 1994 our
848 1931 881 1994 iu
909 1931 948 1994 iis
971 1944 1028 2004 (sc.
1053 1949 1136 2012 quae
1160 1928 1201 1992 ad

87 2031 297 2097 eruditionem
332 2033 401 2097 sive
430 2032 657 2116 mythologiam
693 2031 762 2096 sive
800 2032 1014 2115 antiquarium
1041 2033 1200 2114 spectant)

83 2131 128 2196 ad
158 2152 250 2198 suum
281 2135 446 2199 arbitrium
481 2133 626 2199 finxerit’.
689 2133 754 2199 Sed
783 2133 897 2198 eodem
932 2133 999 2197 iure
1038 2131 1202 2196 affirmare

82 2233 162 2298 lieet
185 2254 248 2299 non
272 2255 355 2315 esse,
379 2255 435 2300 cur
458 2235 556 2302 Silius
579 2234 639 2301 hoo
662 2235 751 2313 illud,
773 2236 806 2299 iu
828 2234 947 2300 fabulis
977 2233 1201 2297 adumbratum

81 2336 189 2418 magis
213 2357 309 2420 quam
324 2337 503 2422 definitum,
525 2357 589 2402 non
606 2337 735 2402 uberius
750 2337 949 2402 exornaverit
965 2343 997 2401 et
1012 2334 1202 2420 depinxerit.

83 2439 141 2504 Sic
164 2431 293 2503 dubium
317 2427 419 2504 videri
441 2435 650 2523 persianum
674 2429 737 2504 'tam
752 2427 1007 2522 patrisl’yreues
1026 2448 1145 2502 nomen
1168 2439 1201 2503 in
1225 2499 1228 2507 .

84 2539 232 2623 exemplo
252 2553 312 2606 sno
335 2541 501 2606 invenerit.
545 2541 594 2606 Ab
624 2541 698 2606 aliis
726 2541 812 2605 enim
838 2540 1016 2625 Bebrycem
1037 2551 1200 2604 auctorem

82 2641 189 2723 gentis
225 2642 403 2728 Bebrycnm
440 2643 481 2706 ad
517 2643 653 2708 Pontum
691 2641 906 2706 habitantium
940 2641 1043 2706 fuisse
1079 2650 1202 2706 tuntum

82 2743 304 2829 acecpimusi)
337 2745 449 2827 Itaque
465 2744 565 2810 Silius
580 2744 700 2826 primus
716 2743 800 2807 hunc
815 2743 857 2806 ad
872 2743 1025 2826 populum
1042 2742 1202 2808 Gallicum

193 3025 221 3097 1)
239 3024 309 3090 Quia
331 3024 410 3079 rideo
434 3024 557 3079 homines
583 3021 676 3078 doctos
700 3024 752 3078 hae
774 3039 805 3077 re
833 3021 953 3077 offensos
972 3038 1041 3088 esse,
1069 3021 1202 3076 adnotabo

80 3115 248 3184 prodigium,
275 3115 346 3186 quod
372 3114 458 3170 refert
480 3112 533 3167 Iul.
559 3110 717 3183 Obsequens
746 3128 768 3167 c.
787 3112 821 3166 57
849 3111 1006 3166 Iahn=118
1034 3111 1072 3178 ,in
1090 3110 1202 3166 Etruria

81 3201 173 3258 Olusii
192 3208 279 3259 mater
296 3204 415 3260 familiae
433 3205 522 3258 riuum
541 3205 738 3272 serpentem
756 3197 877 3270 poperit'.
915 3199 984 3253 Miro
1003 3197 1093 3267 Chory
1112 3216 1201 3254 emcn-

81 3293 139 3348 dat.
160 3293 208 3349 Sil.
231 3309 303 3362 spec.
322 3311 346 3362 p.
366 3294 400 3348 31
424 3293 588 3348 sententiam
612 3287 754 3344 fidiculam
773 3305 832 3344 esse
859 3290 936 3353 dixit,
962 3289 1036 3357 ,quie
1055 3287 1199 3341 Herculem

81 3384 192 3450 patrem
210 3397 275 3434 saue
292 3381 420 3452 pudere
438 3379 534 3436 debuit
552 3392 669 3448 anguem
687 3375 890 3447 procreasse'(!)
919 3379 947 3431 et
974 3377 1044 3431 male
1063 3376 1203 3445 proposuit

81 3487 131 3538 pro
151 3471 313 3536 accusativo,
338 3471 385 3540 qui
404 3475 447 3524 est
464 3467 645 3540 serpentem,
671 3467 843 3521 scribendum
861 3465 1065 3537 ‚sementem'
1085 3464 1121 3535 (p.
1140 3463 1208 3533 32);.

82 3571 154 3628 qnae
171 3572 220 3612 roa
239 3560 346 3626 etiamsi
365 3559 398 3613 ab
417 3558 536 3615 hruobio
554 3557 597 3627 (V.
616 3575 642 3626 p.
661 3557 713 3612 183
733 3554 822 3624 Reid.)
849 3555 934 3610 semel
963 3553 1124 3608 desemine
1143 3555 1201 3607 aui·

83 3646 152 3700 mali
170 3645 323 3724 adhibetur,
340 3651 432 3702 tamon
449 3663 582 3718 nusquam
602 3646 670 3700 alibi
687 3661 736 3714 pro
755 3644 845 3714 ,prole’
865 3644 995 3713 usurpata
1013 3643 1146 3712 reperitur
1165 3648 1202 3712 et,

83 3735 106 3788 si
125 3735 299 3803 reperiretur,
318 3739 408 3790 tamen
429 3737 534 3790 ratione
560 3736 593 3790 ab
612 3737 672 3805 ipso
692 3735 800 3804 Chorpo
819 3751 844 3803 p.
864 3733 899 3788 38
917 3731 1086 3786 constitutae
1104 3721 1208 3801 repug-¹

84 3830 173 3892 naret,
193 3822 239 3876 ubi
256 3824 372 3892 legimus
391 3825 551 3891 ,iustissima
569 3823 722 3893 corrigendi
739 3823 783 3877 lox
801 3822 869 3876 mihi
888 3819 1044 3876 assidetur
1062 3835 1128 3882 esse,
1149 3836 1202 3890 qua

84 3912 154 3966 nihil
172 3916 326 3979 reponetur,
345 3914 411 3983 quin
428 3914 546 3968 auctoris
565 3914 650 3983 ipsius
668 3928 789 3967 sermone
806 3905 909 3964 firmari
927 3909 1029 3979 possit'.

193 4000 220 4072 2)
239 4000 333 4070 Steph.
352 4003 414 4071 Byr.
433 4020 454 4060 s.
473 4019 497 4060 r.
509 3997 653 4072 Βεβρύκων
670 4001 740 4067 ἔθνη
761 3995 808 4052 δύο
834 4003 863 4051 et
881 3995 1010 4051 Eustath.
1035 3996 1069 4051 ad
1087 3997 1201 4064 Dionys.

86 4087 190 4158 Perieg.
203 4107 243 4144 vs.
261 4090 315 4148 805
333 4091 360 4143 οἳ
376 4092 521 4160 (Bebryces
540 4090 646 4158 Asiani)
659 4085 744 4144 οὕτως
760 4085 901 4141 saloriam
919 4075 972 4140 ἀπὸ
988 4080 1120 4158 Βεβρνκόε
1130 4103 1203 4142 arvos

85 4171 197 4247 aberret
214 4169 317 4249 ἀνδρός.
