2936 4718
652 304 693 370 51

87 492 186 574 quia
210 489 306 556 etiam
329 489 414 572 apud
436 490 531 571 Verg.
546 490 629 554 Aen.
644 489 699 572 IV,
721 489 785 556 554
799 507 865 572 sqq.
903 487 1079 554 Mercurius
1095 490 1229 552 Aeneae

91 595 137 658 in
168 591 247 658 navi
275 591 445 657 dormienti
474 598 619 675 apparet,
652 593 688 658 ut
715 592 746 656 ei
775 591 905 674 Libyam
934 609 1028 674 quam
1062 589 1229 656 celerrime

94 693 356 778 relinquendam
372 712 445 758 esse
461 700 600 758 moneat.
623 693 796 757 Praeterea
808 691 906 757 etiam
921 691 982 759 hac
997 690 1229 756 deliberatione

101 796 224 875 Silius,
247 800 282 861 ut
297 793 444 860 Mercurii
460 795 657 861 mentionem
673 795 842 878 ingereret,
859 793 1008 858 inductus
1023 811 1096 858 esse
1111 796 1227 876 potest

100 899 200 964 Deos
223 898 321 975 enim,
345 896 398 979 qui
420 895 504 981 apud
522 896 694 962 Homerum
710 895 923 960 Troianorum
947 894 1091 977 partibus
1106 895 1228 973 lavent,

100 1000 234 1064 amicos
256 999 481 1077 Romanorum,
506 1001 619 1063 contra
641 1017 707 1077 eos,
729 997 783 1080 qui
804 997 890 1080 apud
906 997 1079 1061 Homerum
1096 995 1228 1063 Graecis

101 1100 266 1166 auxilium
284 1099 401 1181 ierunt,
414 1099 729 1182 Carthaginiensium
745 1099 851 1164 socios
865 1116 939 1162 esse
953 1097 1093 1176 voluit.¹)
1127 1097 1227 1182 Atqui

97 1203 247 1267 Hermes
273 1201 448 1267 secuudum
473 1201 508 1265 ll.
539 1202 572 1266 Y.
595 1202 637 1267 35
659 1222 732 1268 curn
754 1197 888 1267 Graecis
916 1200 1009 1284 fecit3
1045 1200 1154 1282 itaque
1183 1196 1229 1264 uil

97 1304 171 1368 nisi
205 1306 460 1368 cousentaneum
488 1308 559 1368 erat
585 1321 660 1367 eum
689 1302 774 1387 apud
797 1303 911 1370 Silium
935 1302 1152 1367 Hannibalem
1185 1301 1226 1366 ad

100 1406 228 1470 bellum
264 1407 376 1472 contra
413 1405 584 1483 Romanos,
618 1404 830 1469 Troianorum
864 1408 1014 1489 nepotes,
1050 1403 1226 1486 gerendum

104 1505 323 1576 inflammare.
354 1505 396 1571 Et
411 1527 504 1590 quam
521 1507 606 1572 auxii
622 1515 654 1571 et
669 1507 789 1573 morosi
804 1510 920 1591 poetae
936 1505 1043 1571 Latini
1060 1507 1092 1569 in
1108 1505 1228 1570 talibus

103 1610 205 1674 rebus
228 1608 356 1690 fuerint,
378 1607 514 1692 Vergilii
536 1611 669 1674 Aeneae
698 1618 731 1673 et
753 1609 863 1674 Turno
893 1609 998 1674 socios
1024 1607 1227 1673 attribuentis

101 1711 234 1776 ratione
256 1711 418 1791 ducemur,
440 1711 481 1774 de
504 1729 568 1791 qua
590 1711 668 1775 dicit
681 1709 858 1797 Heynias²)
879 1719 1002 1792 ,teneas
1025 1710 1085 1776 boc
1114 1729 1227 1775 omnes

102 1813 254 1897 populus,
287 1811 340 1895 qui
375 1831 445 1877 uum
469 1813 579 1877 Turno
613 1813 644 1876 in
668 1812 774 1878 Latini
797 1813 941 1895 partibus
971 1821 1069 1895 stant,
1104 1814 1228 1879 Graeca

108 1914 237 1996 origiue
259 1924 346 1978 ortos
370 1913 456 1996 ferri,
479 1916 611 1978 Aeneae
627 1923 739 1978 contra
754 1914 859 1978 socios
882 1913 958 1978 addi
973 1915 1080 1996 prisca
1102 1915 1227 1998 origiue

107 2015 243 2081 Italica’.
286 2015 442 2095 Alterum,
471 2035 532 2099 quo
556 2016 655 2081 Silius
684 2015 854 2099 discrepat,
884 2022 1006 2080 mutata
1033 2016 1227 2099 respiciendi

108 2135 210 2182 causa
232 2125 309 2199 erat,
334 2136 428 2200 quam
450 2117 526 2182 iude
548 2118 706 2200 originem
729 2116 860 2182 duxisse
882 2125 969 2199 puto,
991 2117 1074 2199 quod
1091 2115 1226 2182 euriosi-

107 2225 208 2282 tatem
230 2223 320 2284 tauto
344 2219 412 2283 viru
432 2219 598 2303 indiguam
615 2241 686 2288 esse
709 2229 795 2286 reete
811 2218 923 2284 sensit.
966 2217 1115 2283 Ceterum
1132 2238 1225 2300 quam

107 2319 216 2402 facile,
240 2319 267 2384 si
291 2339 342 2385 res
365 2320 408 2384 ad
430 2323 597 2387 obrussam
620 2321 787 2405 exigimus,
813 2319 909 2385 etiarn
940 2341 978 2386 ex
999 2321 1112 2386 eodem
1137 2320 1227 2385 fonte

105 2423 312 2486 narrationes
335 2421 419 2486 inter
441 2443 476 2488 se
499 2423 648 2488 diversae
670 2443 822 2490 manasse
833 2423 937 2490 videri
959 2423 1094 2508 possint,
1105 2423 1227 2489 Valerii

106 2521 240 2587 Maximi
263 2524 492 2614 epitomatores
525 2525 707 2592 ostendunt.
757 2527 899 2605 Quorum
933 2536 1064 2610 uterque
1097 2526 1226 2609 quidem

110 2623 162 2687 dei
184 2624 317 2688 vetitum
340 2632 373 2689 et
395 2645 527 2690 causam
550 2627 814 2692 circumverteudi
837 2628 1029 2712 omiserunt3
1062 2627 1120 2692 sed
1154 2646 1226 2691 cum

108 2725 307 2809 Nepotianus
346 2735 475 2808 praeter
517 2727 642 2793 beluam
676 2730 845 2812 tonitrum,
884 2729 1034 2809 imbrem,
1076 2729 1226 2814 tenebras

109 2836 348 2909 commemoret,
372 2829 464 2894 Paris
487 2829 615 2896 nonnisi
643 2830 683 2895 de
713 2839 846 2914 aspectu
875 2831 990 2914 anguis
1019 2830 1129 2896 omnia
1155 2848 1226 2914 per-

109 2929 215 2994 dentis
238 2928 378 3011 loquitur
399 2940 431 2997 ct
453 2933 560 2998 verbis
583 2933 742 3006 ,iuuenem
766 2981 774 2998 .
798 2981 806 2998 .
830 2939 1055 2998 auctorem.
1081 2933 1225 2998 .iactum

110 3049 149 3094 ac
181 3029 292 3095 ducem
330 3032 536 3099 invaduudae
569 3036 693 3100 ltaliae'
727 3034 823 3100 facile
863 3035 959 3112 alicui
998 3034 1227 3120 cogitationem

112 3131 223 3197 iniciat
250 3132 397 3197 iuvenem
425 3135 515 3200 illum
546 3137 683 3220 primum
706 3137 882 3202 Hannibali
911 3137 1080 3201 consilium
1110 3137 1227 3202 Italiae

112 3232 314 3298 invadendae
355 3236 547 3321 inspirasse,
590 3259 780 3324 quamquam
809 3239 957 3304 Valerius
1001 3240 1104 3305 visum
1147 3237 1226 3302 illud

111 3335 284 3418 ,proposito
308 3347 340 3400 et
363 3340 445 3404 votis
466 3341 533 3405 suis
550 3346 609 3418 (sc.
625 3341 831 3422 Hannibalis)
857 3342 1101 3406 convenientem
1114 3339 1225 3420 imagi·

111 3435 189 3502 nem'
213 3438 445 3506 nominaverat.
490 3443 663 3508 victimam
677 3437 829 3527 denique,
851 3462 914 3527 qua
929 3445 1057 3508 Poenus
1068 3441 1225 3508 Mercurio

112 3541 231 3621 gratias
253 3540 330 3622 agit,
364 3541 464 3608 libere
496 3544 536 3610 dc
567 3565 625 3610 suo
658 3553 755 3627 poeta
777 3545 902 3610 addidit
934 3546 1043 3626 itaque
1066 3563 1130 3608 uon
1153 3544 1224 3610 siue

114 3642 268 3706 suavitate
291 3643 372 3708 hanc
394 3646 589 3711 narrationis
611 3655 737 3730 partem
759 3647 930 3714 concludit.

114 3835 319 3844 -——-——.—.

215 3953 243 4022 1)
262 3953 294 4010 ci.
313 3953 423 4007 deorum
442 3967 549 4022 pugna:
568 3951 601 4008 ll.
619 3953 652 4011 Y.
671 3955 706 4010 32
726 3970 784 4024 sqq.
803 3957 830 4008 et
849 3951 898 4008 Sil.
917 3951 965 4020 IX,
985 3953 1038 4008 tao
1056 3971 1116 4026 sqq.

213 4041 243 4110 2)
261 4043 326 4096 torn.
351 4039 400 4095 111.
430 4041 495 4096 edit.
519 4039 599 4096 IVae,
623 4059 649 4112 p.
669 4043 722 4097 162
751 4043 890 4112 (excursus
909 4041 959 4096 VII
987 4041 1021 4098 ad
1048 4041 1148 4099 librum
1172 4039 1226 4098 Vll

115 4127 255 4197 Aeneidis).
