2936 4718
652 372 696 438 63

92 558 255 623 rivolum
288 575 338 641 ap.
362 556 477 623 Silium
498 556 567 638 XV,
591 556 653 623 722
677 557 805 623 Gallum
840 556 988 639 designet
1021 563 1053 621 et
1080 555 1234 640 prosodia

96 659 253 739 differat,
269 660 420 724 attamen
430 658 520 724 llerli
532 677 628 743 supra
644 661 688 743 (p.
695 658 738 724 58
751 660 812 742 sq.)
826 665 960 724 tractato
971 677 1087 723 novum
1104 663 1234 740 paretur

99 760 322 845 praesidium.
343 760 386 826 Ut
400 761 486 825 enim
502 759 545 824 ibi
552 759 731 845 Hispanum
748 758 958 825 docemAiris
973 758 1149 826 immixtum
1161 779 1235 825 esse

101 862 272 945 vidimus,
305 862 351 926 ita
382 861 413 925 b.
436 862 457 926 l.
479 860 559 926 Afer
584 861 737 946 Hispanis
764 860 920 927 militibus
951 861 1154 945 praepositus
1181 860 1234 928 sit.

104 964 293 1047 Phorcys
321 963 383 1046 (vs.
413 963 491 1044 402)
523 962 602 1029 deus
632 963 776 1028 marinus
805 961 895 1044 cst,¹)
932 970 966 1027 ut
993 982 1066 1028 cum
1092 963 1233 1028 Homero

103 1081 160 1150 (a.
184 1066 225 1130 72
246 1089 277 1148 γ.
300 1065 341 1130 96
363 1073 395 1129 et
418 1063 495 1150 345)
519 1064 642 1148 loquar.
671 1062 751 1141 ἅλος
777 1062 974 1152 ἀτρυγέτοιο
1001 1066 1118 1149 μέδων,
1141 1061 1235 1140 ἅλιος

99 1173 217 1252 γέρων
239 1165 291 1232 vel
315 1185 442 1248 ,numen
520 1166 696 1232 secundum
719 1168 821 1251 aquis'
846 1167 874 1232 si
890 1166 1020 1230 Lucano
1035 1165 1092 1243 IX,
1107 1165 1170 1230 645
1185 1184 1234 1248 sq.

99 1268 287 1347 credimus,
321 1277 354 1332 ct
388 1271 480 1351 pater
508 1268 673 1348 Medusae,
706 1288 789 1350 quae
823 1268 863 1332 de
900 1283 937 1332 eo
970 1266 1233 1351 ,Phorcynis’

99 1370 271 1453 dicituro.
315 1369 413 1435 Cuius
441 1368 568 1453 quidem
592 1371 687 1438 sedes
708 1372 805 1451 vulgo
834 1370 869 1434 in
891 1389 948 1434 cas
970 1368 1092 1453 Libyae
1113 1378 1234 1454 partes,

103 1492 197 1556 qnae
230 1471 370 1536 maxime
402 1471 436 1535 in
465 1470 666 1538 occidentem
698 1476 855 1556 vergunt,
892 1479 1113 1537 removentur:
1146 1472 1234 1536 velut

108 1574 260 1657 ,Finibus
281 1573 432 1638 extremis
447 1573 575 1657 Libyes,
598 1574 652 1638 ubi
674 1573 800 1639 fervida
814 1573 911 1640 tellus
927 1572 1055 1656 Accipit
1069 1571 1235 1638 Oceanum

106 1675 255 1741 demisso
289 1675 358 1739 sole
386 1675 555 1751 calentem,
590 1675 781 1759 Squalebant
806 1675 871 1740 late
903 1672 1123 1758 Phorcynidos
1157 1693 1235 1740 arva

105 1777 278 1846 Medusae’
311 1796 361 1860 ap.
384 1776 549 1843 Lucanum
584 1777 640 1856 lX,
673 1777 736 1843 624
771 1797 838 1861 sqq.
866 1776 1016 1858 legimus.
1059 1775 1125 1841 Sed
1157 1794 1231 1840 cnm

111 1879 216 1945 Silius
227 1878 328 1944 solem
346 1877 531 1963 plerumque
548 1878 580 1942 in
596 1878 688 1944 litore
704 1877 911 1943 Tartessiaco
926 1877 1030 1942 undas
1047 1877 1236 1943 subeuntem

112 1978 283 2063 indurati)
306 1978 402 2064 paulo
424 1978 556 2044 liberius
571 1980 610 2058 X,
636 1982 697 2048 174
719 2001 779 2063 sq,
801 1978 886 2063 quod
909 1979 941 2042 in
958 1977 1037 2043 locis
1053 1977 1234 2043 fabulamm

115 2091 184 2147 tam
206 2081 338 2148 incertis
360 2089 393 2146 et
414 2081 506 2164 qnasi
527 2080 755 2148 fluctuantibus
777 2079 899 2146 nemini
928 2079 1043 2144 mirum
1063 2078 1234 2160 videbitur,

111 2183 252 2267 patriam
285 2183 354 2248 eius
389 2183 421 2246 in
456 2202 546 2247 oram
579 2184 798 2248 columnarum
833 2181 981 2247 Herculis
1010 2179 1233 2263 Hispanioam,

110 2285 249 2369 Calpen,
272 2283 426 2350 transfert
457 2289 491 2350 et
512 2284 573 2348 hac
606 2285 739 2367 regione
773 2284 870 2349 etiarn
894 2282 1041 2365 Pboroyn
1063 2280 1234 2347 oriundum

105 2389 199 2454 facit.
259 2387 408 2453 Ceterum
445 2387 511 2451 iarn
546 2386 704 2452 Homerus
741 2387 836 2452 huius
872 2385 925 2450 dei
962 2383 1078 2448 marini
1117 2401 1233 2447 nomen

107 2491 151 2556 Il.
184 2489 220 2553 B.
256 2489 319 2555 862
353 2487 427 2552 duci
460 2489 622 2572 Phrygum
655 2485 915 2571 destinaverat.⁴)
968 2485 1019 2550 De
1055 2486 1234 2551 Arauaco

107 2591 177 2678 (vs.
197 2592 274 2671 403)
295 2589 438 2673 deniqne
461 2590 526 2654 iam
548 2609 645 2673 supra
667 2590 720 2673 egi
742 2592 787 2674 (p.
808 2591 849 2655 41
873 2589 945 2672 sq).

433 2745 491 2818 111.
516 2745 696 2813 415-419.
737 2743 916 2811 442-476.

107 2850 274 2924 Hannibal
298 2851 488 2936 Pyrenaeos
510 2850 747 2937 transqrsseos
770 2866 827 2936 par
849 2847 981 2918 [talliam
1000 2843 1234 2933 protelabitur.

224 2964 283 3029 His
326 2962 429 3048 copiis
463 2962 627 3028 Hannibal
661 2965 847 3048 Pyrenaeos
889 2966 1013 3025 montes
1054 2959 1137 3042 petit
1171 2958 1233 3042 (vs.

107 3066 306 3149 415-419).
352 3064 440 3143 Quos
461 3071 633 3147 postquam
653 3064 818 3151 superavit
845 3075 877 3128 et
898 3081 956 3148 per
976 3061 1150 3146 Bebryoum
1173 3070 1235 3125 ter·

108 3189 185 3236 ram
206 3167 361 3234 clivosum
391 3169 608 3250 silvosamque
641 3167 770 3232 transiit
797 3166 860 3252 (vs.
881 3164 945 3230 442
972 3167 1045 3248 sq),
1074 3182 1131 3246 per
1160 3162 1233 3229 Vol-

111 3290 226 3338 carum
262 3271 345 3336 fines
377 3270 477 3335 armis
510 3270 572 3335 sibi
605 3269 692 3336 viam
720 3287 821 3350 usqne
844 3266 886 3332 ad
908 3266 1098 3332 Rhodanum
1121 3264 1236 3329 sternit

110 3373 196 3460 (vss.
218 3373 410 3458 444-446).
453 3374 491 3438 ln
519 3372 569 3436 his
592 3370 822 3456 Heynacberus
849 3374 966 3454 (progr.
988 3386 1019 3451 p.
1042 3367 1094 3445 20,
1118 3363 1151 3448 1)
1173 3365 1234 3447 pri·

113 3493 205 3540 mum
225 3475 406 3559 Bebryoum
435 3473 598 3540 mentione
625 3472 808 3552 offenditur,
836 3472 890 3555 qni
920 3488 992 3537 oum
1013 3489 1033 3533 a
1054 3465 1147 3532 Livio
1169 3484 1235 3530 non

113 3584 416 3652 commemorentur,
439 3575 611 3658 vestigium
632 3575 714 3640 alius
737 3573 836 3638 fontis
859 3571 1012 3638 indicent.
1060 3568 1109 3633 Ad
1138 3587 1235 3649 quam

115 3681 311 3744 sententiam
327 3698 419 3744 suam
435 3676 703 3744 corroborandam
725 3674 832 3740 locum
846 3694 863 3740 e
878 3673 992 3738 Oassio
1007 3671 1113 3736 Dione
1137 3689 1236 3755 supra

115 3784 161 3863 (p.
182 3782 225 3846 22
246 3780 356 3847 adnot.
379 3780 412 3865 1)
435 3781 600 3846 laudatum
622 3778 768 3843 omittere
790 3795 855 3840 non
882 3773 1001 3854 debuit,
1022 3772 1077 3838 ubi
1097 3791 1167 3837 oum
1194 3772 1236 3838 de

224 3972 251 4041 1)
270 3971 316 4028 Et.
335 3988 425 4041 magn.
444 3969 546 4041 δαίμων
564 3966 709 4026 θαλάσσιος
726 3965 798 4040 παρὰ
816 3963 848 4021 τί
867 3964 997 4040 φέρεσθαι
1015 3955 1110 4021 ὠκέως.

224 4059 251 4129 2)
269 4060 303 4116 cf.
324 4058 373 4116 Os.
391 4060 455 4116 net.
474 4059 520 4129 IV,
539 4059 599 4115 743.
618 4056 666 4116 Sil.
684 4057 721 4126 11,
740 4057 783 4113 59.

223 4149 249 4214 3)
268 4149 312 4204 vd.
331 4165 355 4204 e.
373 4165 399 4218 g.
418 4147 465 4216 Vl,
484 4149 500 4203 1
520 4164 578 4218 sqq.

223 4236 252 4306 4)
271 4237 304 4292 of.
323 4235 369 4293 Ei.
388 4253 480 4306 magn.
498 4233 530 4290 τὸ
548 4231 578 4288 dd
597 4232 704 4308 Φόρκυν
716 4239 895 4301 ...maresa
906 4239 964 4287 ,καὶ
981 4229 1067 4302 ὄνομα
1085 4228 1182 4303 κύριον.
