2936 4718
678 318 716 381 11

130 525 208 569 num
231 504 264 567 in
286 523 384 569 unum
407 503 618 581 coniunxerit,
640 521 712 566 cum
733 501 923 584 praesertim
948 500 1080 566 Wezelii
1105 500 1256 585 exemplo

133 606 229 690 plura
250 605 349 669 Ennii
371 607 556 687 fragmenta
577 603 655 670 loeis
679 603 813 669 Silianis
836 603 989 668 illustrari
1014 621 1111 685 posse
1145 603 1203 687 (ei.
1226 621 1253 668 e.

135 729 166 790 g.
190 707 267 773 diss.
289 727 319 791 p.
342 708 486 790 2progr.
509 727 540 789 p.
563 707 618 790 43)
642 713 674 770 et
696 705 852 770 nonnulla
874 704 996 772 indicia
1011 705 1158 772 Silianae
1181 724 1252 769 nar·

136 809 267 874 rationis
296 809 336 872 ad
363 809 525 892 poeticum
547 807 666 873 fontem
690 807 776 870 ferre
804 805 845 891 (e.
867 826 899 888 g.
924 823 1028 890 progr.
1051 827 1082 890 p.
1105 808 1161 892 40)
1197 827 1254 874 ex-

135 913 262 977 istimet.
307 911 373 978 Sed
400 930 464 975 non
494 909 573 975 satis
604 917 709 973 certus
732 915 782 972 est
804 927 865 972 neo
886 910 1003 991 ubique
1026 909 1086 974 sibi
1108 919 1252 978 constat:

133 1033 209 1078 nam
230 1033 293 1080 non
317 1013 412 1078 modo
435 1031 498 1075 non
522 1031 595 1074 mox
617 1007 831 1074 confidentius
861 1009 901 1073 de
924 1018 1053 1074 auctore
1077 1011 1149 1076 Silii
1172 1011 1252 1078 dixit

133 1117 175 1196 (e.
198 1135 229 1198 g.
252 1134 361 1197 progr.
384 1133 436 1198 pp.
462 1114 510 1192 19,
532 1114 585 1195 24,
606 1112 671 1196 40),
701 1131 776 1176 mox
804 1111 928 1176 cautius
956 1113 1024 1193 agit
1051 1122 1082 1176 et
1104 1115 1253 1178 concedit

133 1218 166 1280 in
190 1217 352 1299 paucitate
375 1215 645 1298 fragmentorum,
675 1232 751 1277 num
774 1213 870 1280 Silius
893 1211 999 1277 Ennio
1023 1233 1099 1279 usus
1122 1215 1175 1294 sit,
1197 1216 1253 1280 uix

131 1319 174 1382 ad
197 1318 351 1402 liquidum
374 1316 504 1400 perduci
530 1334 626 1399 posse
650 1319 691 1400 (e.
714 1335 743 1396 g.
769 1315 846 1380 diss.
871 1335 901 1397 p.
923 1316 974 1394 29,
998 1335 1105 1398 progr.
1127 1336 1181 1400 pp.
1198 1317 1250 1394 28,

134 1422 186 1500 33,
207 1420 275 1505 43);
299 1438 411 1485 verum
434 1418 531 1482 etiam
548 1417 712 1482 Valerium
727 1417 890 1482 Antiatem
915 1417 1113 1483 intermiscet
1129 1422 1250 1502 (progr.

133 1543 165 1606 p.
187 1525 229 1588 26
245 1525 317 1604 so),
341 1539 434 1605 quem
456 1519 583 1600 quidem
607 1518 714 1584 causis
730 1538 793 1582 non
810 1519 918 1584 allatis
933 1517 1056 1584 fontem
1071 1519 1251 1586 Fabianum

131 1624 276 1709 appellat
305 1620 359 1704 (cf.
391 1642 498 1704 progr.
528 1640 580 1704 pp.
603 1622 623 1684 3
645 1629 677 1683 et
697 1621 762 1704 51).
806 1621 897 1685 Haec
919 1620 1028 1686 omnia
1054 1642 1250 1707 quamquam

132 1727 248 1792 melius
272 1732 304 1790 et
325 1723 522 1789 moderatius
545 1725 577 1786 in
602 1729 839 1804 programmate
856 1724 999 1806 exposita
1015 1732 1097 1796 sunt,
1121 1727 1251 1810 saepius

93 1881 96 1888 .
132 1829 227 1892 rebus
264 1826 437 1890 levissimis
462 1833 494 1889 et
521 1821 712 1888 differentiis
735 1823 937 1904 imaginariis
959 1826 1011 1890 vel
1035 1826 1158 1893 minimi
1181 1847 1253 1892 mo-

134 1929 233 1993 menti
256 1927 436 2011 nituntur.²)
480 1925 575 2010 Apud
591 1924 702 1990 Silium
726 1925 826 1988 multa
846 1943 1012 1990 occurrere
1028 1947 1099 1991 oum
1113 1928 1251 1995 Liviana

134 2029 317 2095 narratione
344 2028 564 2111 congruentia,
592 2027 693 2091 multa
723 2025 821 2090 etiam
853 2025 883 2088 ei
906 2029 1120 2109 repugnantia
1143 2051 1249 2110 nemo,

134 2131 188 2214 qui
209 2131 261 2196 vel
282 2132 384 2196 obiter
406 2149 519 2195 versus
534 2129 714 2213 perlustret,
730 2127 871 2210 negabit,
915 2130 955 2192 At
970 2147 1010 2192 ne
1027 2130 1146 2196 nimius
1162 2141 1250 2198 esset

132 2233 165 2297 in
195 2253 273 2297 vera
300 2232 434 2297 historia
461 2230 648 2308 retinenda,
686 2230 768 2294 torte
784 2229 962 2314 exemplum
986 2231 1109 2296 Lucani
1131 2233 1248 2317 effecit,

130 2335 186 2417 qui
214 2354 285 2399 oum
315 2336 400 2399 ultra
428 2333 556 2398 modum
578 2332 674 2396 anxie
697 2331 871 2398 memoriae
896 2331 1043 2415 vestigiis
1064 2333 1247 2418 institisset,

129 2436 358 2519 gravissimam
381 2457 400 2499 a
422 2435 572 2499 Petronio
594 2434 876 2519 reprehensionem
892 2435 974 2515 tulit,
997 2435 1029 2499 in
1046 2436 1136 2502 cuius
1150 2439 1249 2504 satira

131 2538 308 2621 Eumolpus
324 2537 401 2603 dicit
417 2538 459 2620 (c.
477 2537 537 2601 118
553 2542 661 2614 extr.):
685 2556 760 2614 ‚non
783 2536 868 2599 enim
892 2555 945 2601 res
966 2545 1080 2619 gestae
1104 2542 1249 2608 versibus

109 2637 452 2722 ,comprehendendae
475 2644 558 2716 sunt,
582 2636 666 2720 quod
690 2638 786 2720 longe
808 2637 923 2703 melius
946 2639 1089 2706 historici
1116 2643 1249 2728 faciunt,

131 2741 190 2806 sed
216 2760 274 2825 per
305 2742 459 2823 ambages
486 2741 681 2821 deorumque
709 2738 890 2803 ministeria
918 2749 950 2804 et
972 2739 1152 2809 fabulosum
1174 2765 1246 2809 sen·

131 2843 305 2907 tentiarum
335 2848 525 2906 tormentum
553 2839 813 2924 praecipitandus
844 2845 894 2907 est
922 2842 1003 2906 liber
1025 2844 1175 2927 spiritus,
1213 2854 1248 2912 ut

131 2944 238 3028 potius
270 2944 405 3008 furentis
435 2942 535 3006 animi
565 2941 750 3006 vaticinatio
778 2950 933 3025 appareat
959 2963 1053 3026 quam
1074 2947 1247 3032 religiosae

131 3048 285 3112 orationis
300 3046 358 3111 suh
374 3044 509 3113 testibus
525 3042 653 3127 fides’.²)
691 3042 919 3128 Quaerendum
935 3045 1031 3127 igitur
1046 3058 1124 3129 erat,
1140 3049 1247 3132 prius-

132 3168 229 3230 quam
263 3147 305 3212 ad
334 3145 572 3212 remotissimos
594 3154 626 3210 et
653 3147 804 3211 obscuros
839 3155 985 3212 auctores
1018 3161 1243 3233 recurrerem,

131 3270 208 3314 num
232 3251 385 3314 momenti
407 3247 528 3331 aliquid
551 3248 734 3315 tractationi
756 3248 903 3330 poeticae
927 3251 1126 3316 tribuendum
1149 3259 1246 3333 esset,

130 3372 207 3418 num
240 3351 310 3416 lieri
337 3350 504 3436 potuisset,
540 3356 575 3412 ut
605 3349 702 3415 Silius
724 3351 870 3432 Liuium,
907 3352 960 3434 qui
991 3352 1160 3436 splendore
1189 3372 1247 3419 suo

129 3461 274 3519 veterum
301 3452 466 3518 annalium
494 3451 680 3515 memoriam
712 3471 785 3516 mox
813 3451 993 3537 exstinxid)
1022 3458 1055 3517 et
1082 3453 1246 3537 proximus
1273 3512 1275 3518 .

130 3555 202 3620 fons
226 3547 331 3620 studio
354 3554 450 3619 simul
471 3553 691 3618 Romanarum>
709 3554 850 3635 partium
873 3557 1095 3639 perpolitoque
1117 3555 1247 3621 dicendi

238 3817 264 3888 1)
283 3817 342 3872 Hoc
354 3817 438 3871 etiam
451 3813 587 3869 intellexit
600 3813 749 3884 Sieglinius
769 3815 802 3872 D.
820 3813 944 3872 chronol.
957 3819 982 3873 d.
996 3819 1088 3890 Bolag.
1101 3841 1125 3883 v,
1140 3823 1246 3896 Sagunt

129 3921 156 3975 p.
175 3906 220 3974 28,
238 3906 328 3965 adnot.
347 3905 395 3970 58;
415 3907 536 3958 attamen
554 3903 759 3974 Heynccherum
777 3907 881 3959 rectam
899 3908 970 3961 riam
987 3909 1082 3968 iniisse
1101 3920 1199 3974 censet

238 3993 266 4066 2)
285 3995 319 4053 cf.
337 3993 433 4051 Barth.
455 3992 489 4046 ad
507 3991 579 4046 Stat.
599 3991 682 4050 Theb.
702 3992 752 4058 111,
770 3994 824 4048 426
843 3998 871 4047 ot
888 3995 935 4064 IV,
954 3997 998 4055 37.

144 4098 146 4101 ·
237 4082 265 4152 3)
284 4082 319 4138 ci.
338 4083 374 4140 H.
384 4081 465 4136 Peter
483 4081 579 4136 histor.
591 4081 705 4140 Roman.
723 4082 783 4140 rell.
802 4081 824 4148 1,
834 4099 861 4152 p.
874 4083 919 4149 C.;
932 4085 1058 4142 Liebaldt
1076 4089 1126 4154 ‚De
1139 4090 1247 4145 Valerio

130 4170 241 4227 Antiute
259 4173 398 4228 annalium
417 4175 554 4244 scriptore‘
574 4189 665 4242 progr.
684 4172 836 4239 Numburg.
856 4172 934 4228 1840.
953 4189 981 4242 p.
1001 4176 1042 4230 22.
1078 4211 1082 4220 -

1042 4276 1076 4331 2*
