2908 4724
632 315 672 380 81

56 499 193 564 locum
215 497 368 564 dedisset
413 497 479 566 Sed
500 517 597 580 quam
620 518 719 583 saepe
755 499 836 566 talos
873 499 1143 582 transpositiones
1174 500 1207 566 iu

64 601 168 684 ipsis
197 599 412 683 scriptoribus,
433 600 561 666 etiamsi
583 601 666 666 alius
688 602 729 668 dc
752 600 817 666 alio
840 601 873 666 in
897 602 1012 667 ceteris
1035 601 1208 684 dependet,

65 701 274 767 occurruntl
297 700 351 768 Sic
371 701 400 766 si
422 701 549 786 Polybii
570 702 629 784 ΙΙΙ,
652 723 679 768 c.
702 704 901 784 7459-11
926 723 998 770 oum
1020 703 1105 770 Livii
1120 703 1207 772 XXI.

71 805 125 870 56
151 807 175 886 ἓ
198 804 217 870 6
239 812 271 868 et
292 804 321 885 7,
349 803 400 887 qni
423 803 514 869 illum
534 812 591 868 aut
609 804 714 888 ipsum
738 814 794 870 aut
808 813 906 902 ⁸certe
930 804 1070 871 eandem
1089 824 1207 870 memo·

71 906 171 970 riam
209 905 299 988 sequi
330 904 520 970 manifestus
555 913 614 981 est.
648 925 835 990 comparare
870 906 1011 990 placent,
1047 906 1208 990 extemplo

73 1008 272 1090 exemplum
298 1006 458 1080 babeas¹>
501 1007 629 1072 Deinde
658 1017 765 1074 autern
797 1017 863 1072 tam
886 1015 1070 1072 accuratum
1093 1016 1209 1090 poetae

74 1129 158 1174 oum
187 1109 340 1174 historico
360 1109 604 1190 congruentiam
629 1129 692 1174 non
715 1110 891 1194 postulabit
912 1109 975 1174 nisi
997 1109 1036 1189 is,
1065 1111 1120 1193 qui
1143 1109 1208 1174 sin·

68 1212 182 1293 gulas
215 1229 332 1293 prosae
368 1210 523 1275 orationis
558 1221 666 1294 partes
693 1211 855 1294 gradatim
884 1211 917 1276 iu
940 1230 1051 1278 versus
1077 1221 1207 1298 poetam

70 1314 288 1378 convertisse
322 1315 453 1378 statuat.
495 1313 668 1378 Praetores
700 1316 787 1396 apud
819 1313 985 1398 Polybium
1009 1315 1066 1392 ΙΙΙ,
1101 1335 1129 1381 o.
1166 1315 1209 1382 64

70 1425 107 1478 et
134 1417 185 1480 65
208 1416 256 1500 (et
275 1413 435 1478 Zonaram
459 1413 721 1493 turtureus.)
744 1415 850 1500 ipsum
871 1415 1026 1482 Silianum
1055 1416 1208 1482 narrandi

74 1516 238 1581 ordinem
271 1515 471 1599 invenimus3
504 1525 536 1581 et
568 1535 618 1600 ap.
647 1517 785 1596 Livium,
818 1518 1004 1602 priusquam
1027 1517 1135 1601 Scipio
1168 1517 1210 1584 ad

74 1627 199 1684 eastra
231 1617 371 1684 bostium
405 1617 603 1702 speculanda
636 1618 848 1702 proficiscitur
882 1623 922 1698 (o.
955 1620 998 1684 46
1024 1621 1042 1704 ξ
1071 1623 1092 1687 3
1117 1628 1208 1704 squ),

76 1721 255 1786 Hannibal
277 1720 393 1786 iterum
415 1721 617 1787 contionatur
637 1719 678 1786 lc.
701 1721 744 1786 45
765 1722 784 1804 ἕ
806 1721 913 1804 4--8),
937 1741 998 1804 quo
1025 1721 1123 1787 facile
1145 1730 1208 1786 tur·

78 1823 157 1887 bari
182 1823 287 1907 potuit
321 1831 436 1904 poetae
463 1823 626 1888 memoria.
669 1822 824 1904 Alterum,
859 1807 943 1906 qnod
977 1822 1208 1905 Heynaoberns

82 1937 209 2004 monet,
231 1933 421 2007 argumenta
433 1923 625 1988 Hannibalis
640 1926 819 1988 orationum
838 1931 974 2006 spectat
1003 1926 1041 1990 In
1060 1924 1208 1992 brevibus

86 2026 181 2092 enim
201 2037 233 2091 et
256 2027 373 2092 ieiunis
396 2027 513 2106 verbis,
537 2043 616 2109 quae
633 2025 732 2092 Silius
755 2034 789 2090 et
809 2024 862 2090 bic
885 2032 918 2089 ot
940 2023 1017 2088 alibi
1033 2024 1210 2090 Hannibali

89 2125 193 2210 dedit,
224 2147 296 2194 uum
332 2127 424 2212 copia
445 2128 583 2192 Liviana
605 2127 755 2208 collatis,v
778 2126 992 2207 investigasse
1026 2126 1086 2190 sibi
1121 2128 1210 2194 visus

84 2237 138 2294 est
161 2229 284 2294 iontem
298 2230 489 2311 Romanum,
512 2229 566 2313 qui
588 2228 628 2294 de
651 2229 745 2293 rebus
768 2229 802 2292 in
824 2227 939 2293 castris
960 2226 1206 2311 Carthaginien·

83 2330 172 2396 sinm
203 2333 303 2414 gestis
325 2351 438 2416 parum
461 2331 594 2397 edoctus
616 2329 741 2396 fuisset.
784 2331 947 2396 Ponamus
975 2329 1071 2411 igitur
1094 2329 1209 2396 Silium

81 2434 174 2500 Livii
209 2433 345 2498 annale·
379 2442 411 2498 et
443 2435 583 2499 intextas
613 2433 736 2498 eisdem
769 2435 931 2498 orationes
965 2451 1030 2496 non
1064 2432 1209 2515 legisse?

82 2535 157 2602 Hoc
195 2544 282 2600 certe
315 2535 400 2600 idem
428 2544 516 2601 esset
542 2557 581 2602 uc
608 2537 636 2602 si
664 2544 846 2601 nostrornm
878 2534 1059 2616 aequalium
1091 2533 1209 2616 aliquis
1299 2564 1308 2586 .

84 2656 221 2704 carmen
245 2638 407 2706 heroidum
430 2638 470 2702 de
493 2640 577 2703 bello
605 2636 739 2720 triginta
765 2655 920 2701 annorum
951 2635 1050 2700 vellet
1072 2636 1210 2702 condere

75 2757 146 2805 uec
182 2749 331 2804 nosceret
364 2739 574 2816 Schillerum,
607 2739 659 2804 vel
693 2738 720 2803 si
754 2736 886 2819 aliquis,
925 2736 979 2820 qui
1012 2735 1208 2802 eruditorum

84 2859 225 2907 numero
240 2842 406 2907 accenseri
422 2842 510 2920 velit,
533 2841 663 2908 omnino
679 2861 742 2906 non
766 2858 822 2905 eos
842 2839 940 2903 libros
961 2839 1104 2922 legisset,
1127 2857 1208 2920 quos

85 2939 255 3008 bominem
292 2963 367 3011 vere
403 2942 521 3008 eruditi
557 2943 686 3008 nomine
723 2941 854 3023 dignum
887 2940 997 3021 legere
1024 2940 1128 3006 decet.
1172 2940 1208 3006 Si

85 3061 219 3126 semper
240 3044 371 3111 easdem
393 3044 606 3128 cogitationes
628 3053 660 3110 et
674 3043 916 3108 adhortationes
931 3044 1110 3108 Poenorum
1134 3041 1209 3107 duci

86 3146 208 3212 subicit
229 3156 336 3229 poeta,
370 3166 427 3211 cur
455 3165 520 3212 non
550 3146 610 3212 boc
631 3147 740 3211 nativo
763 3145 890 3210 cuidam
913 3145 1036 3228 ingenii
1059 3145 1207 3227 languori

87 3255 120 3312 et
143 3249 255 3314 iudicii
279 3249 405 3332 inopiae
420 3247 649 3329 tribuamns²)?
680 3247 775 3330 Quid,
798 3246 880 3331 quod
896 3267 957 3312 nee
973 3247 1093 3331 Scipio,
1117 3246 1208 3310 cuius

87 3370 142 3418 ros
177 3359 287 3433 gestas
310 3351 492 3416 Romanum
519 3350 610 3414 illum
638 3359 802 3415 auctorem
831 3350 1007 3415 accuratius
1040 3347 1208 3429 accepisse

89 3462 371 3535 exspectaremus,
404 3454 526 3518 maiore
559 3471 654 3534 quam
682 3451 846 3516 Hannibal
880 3450 1031 3533 loquendi
1065 3450 1209 3514 ubertate

89 3555 213 3620 utitur?
237 3555 317 3618 Nam
341 3555 469 3620 etiamsi
497 3554 539 3617 ad
568 3553 784 3620 excusandum
814 3560 942 3636 poetam
971 3551 1087 3616 afferre
1105 3551 1208 3634 possi·

199 3815 225 3886 1)
247 3816 301 3872 Sed
320 3817 352 3874 of.
372 3817 457 3872 ctiam
475 3815 583 3872 Bindcr.
601 3815 629 3868 in
649 3831 710 3872 ann.
729 3813 861 3870 Fleckeis.
880 3813 959 3879 rute,
977 3830 1003 3883 p.
1014 3814 1065 3870 737
1084 3830 1124 3884 sq.

198 3906 226 3976 2)
246 3907 331 3961 Beitr.
351 3925 373 3964 z.
393 3906 503 3960 Sulzers
522 3905 632 3973 allgem,
645 3904 759 3958 Theorie
778 3903 802 3958 d.
822 3904 915 3960 selrdn.
929 3903 1034 3957 Klinste
1047 3900 1144 3973 VI1‚p.
1157 3902 1209 3957 375

95 3991 189 4058 ,Silius
213 3995 368 4050 sehwucher
391 3995 447 4050 und
470 3993 713 4062 untergeordnater
737 3991 855 4061 Genius',
885 3990 957 4062 quod
980 3991 1119 4059 iudicium,
1144 3991 1210 4046 licet

94 4079 225 4138 Kortnem
244 4083 393 4152 gssebioht.
411 4084 522 4138 Forsch.
540 4099 566 4153 p.
582 4082 636 4138 232
653 4083 725 4138 hano
742 4080 999 4136 commentationem
1017 4079 1142 4145 ,uislfanb
1159 4097 1208 4134 un-

95 4173 212 4238 gsrooht'
232 4177 311 4228 uocet
328 4189 414 4241 noque
432 4187 483 4240 ego
501 4171 531 4226 id
549 4187 656 4240 negem,
675 4185 849 4240 annuerent,
871 4186 905 4224 ne
923 4169 961 4224 sit
978 4170 1060 4224 nimis
1077 4185 1211 4226 sororum.
