2936 4718
789 316 834 384 20

254 501 396 585 proxime
420 501 623 566 antecedenti
647 503 910 583 connectendum,
934 504 990 568 sed
1011 504 1052 568 ad
1074 505 1256 588 personam,
1285 524 1387 588 quae

253 603 387 686 primas
404 611 512 685 partes
539 603 617 685 agit,
650 611 849 686 spectantem
885 625 1022 688 posuere
1051 607 1200 670 Valerius
1230 606 1385 672 Flaccus

253 705 295 786 Il,
318 705 382 770 550
404 713 436 769 et
451 705 573 771 Statius
588 705 685 769 Theb.
702 707 737 781 V,
754 707 824 772 675.
847 708 901 787 IX,
916 708 986 773 557.
1023 707 1150 772 Deinde
1168 711 1382 790 ,cognomen’

252 814 288 870 ut
308 807 438 891 saepius
459 805 545 890 apud
567 807 721 892 poetas,1)
742 809 788 873 nil
804 811 891 874 valet
906 811 968 875 nisi
990 811 1138 892 ,nomen'.
1175 809 1381 886 ,Maternum

253 911 378 974 nomen’
416 918 607 973 autemnon
633 910 820 992 simpliciter
841 913 954 976 matris
976 929 1092 976 nomen
1116 910 1275 992 designat,
1310 911 1381 975 sed

253 1010 358 1094 potius
382 1011 479 1094 paulo
502 1011 707 1076 artificiosius
722 1013 794 1094 viri,
817 1015 869 1097 qui
884 1033 903 1077 a
919 1023 1021 1078 matre
1036 1013 1196 1078 Himiloae
1211 1022 1380 1094 cognatus

254 1120 313 1190 est,
337 1112 357 1177 i.
381 1131 409 1177 e.
434 1112 569 1178 Castalii
593 1112 689 1193 illius,
722 1113 963 1195 eodemmodo,
997 1133 1057 1197 quo
1080 1134 1110 1178 v.
1133 1133 1159 1179 c.
1184 1115 1380 1192 ,maternus'

254 1233 324 1278 cum
348 1216 429 1295 ,avo’
464 1213 634 1300 iunctum&
667 1234 729 1278 non
764 1236 858 1280 avum
891 1217 1013 1295 matris,
1048 1215 1105 1281 sed
1137 1220 1263 1298 patrem
1298 1223 1378 1280 eius

252 1323 349 1396 notat,
386 1325 418 1380 et
450 1336 511 1399 quo
535 1316 669 1382 Ovidius
695 1318 788 1399 epist.
812 1337 850 1382 ex
871 1318 973 1382 Ponto
995 1317 1055 1393 ΙΙΙ,
1083 1318 1113 1395 2,
1138 1319 1198 1382 106
1220 1317 1379 1399 ,Numam

253 1416 438 1482 maternum’
467 1419 552 1494 dixit,
576 1426 610 1482 ut
631 1419 901 1502 propinquitatem
924 1440 982 1502 per
1004 1423 1116 1484 matris
1142 1439 1244 1502 genus
1272 1418 1374 1484 effee-

251 1525 316 1582 tam
354 1521 552 1603 exprimeret.
606 1521 716 1604 Itaque
746 1521 834 1604 prius
863 1529 999 1585 stemma
1030 1530 1216 1595 maternum,
1250 1521 1376 1586 deinde

252 1628 422 1701 paternum
445 1621 592 1704 legimus,
616 1627 650 1688 ut
673 1631 838 1706 utrumque
861 1623 957 1686 etiam
974 1623 1029 1688 Sil.
1053 1625 1077 1702 l,
1100 1624 1161 1688 377
1182 1641 1228 1704 sq.
1252 1629 1374 1702 exstat,

251 1740 355 1804 neque
367 1723 549 1804 ambiguam
563 1723 603 1788 de
618 1723 843 1789 retractatione
854 1726 1022 1807 poematis,
1039 1727 1127 1790 cuius
1141 1725 1218 1788 alibi
1228 1722 1373 1804 vestigia

250 1842 313 1889 non
337 1825 546 1907 reperiuntur,
569 1827 762 1891 sententiam
778 1826 932 1909 adoptare
949 1827 1100 1910 cogimur.
1123 1827 1243 1891 Levem
1258 1834 1372 1889 tamen

249 1925 460 1990 mutationem
484 1937 516 1993 et
536 1948 596 2010 ego
619 1928 749 1994 fecerim
774 1930 806 1992 in
830 1948 898 1993 vsu.
923 1929 992 1994 106.
1037 1927 1246 2012 ,Patriam’
1269 1927 1371 2010 enlm,

250 2028 399 2110 quodibi
426 2030 561 2095 traditur
591 2039 622 2095 et
650 2031 714 2094 iam
738 2030 868 2095 Thiloni
898 2031 917 2094 l.
942 2051 968 2094 o.
996 2039 1166 2114 propterea
1194 2029 1373 2094 offensioni

250 2130 320 2212 fuit,
350 2131 434 2214 quod
466 2133 496 2195 in
528 2132 793 2214 praecedentibus
820 2131 903 2205 urbs,
937 2131 991 2196 ubi
1019 2132 1156 2196 Himilco
1182 2138 1259 2195 natu
1287 2140 1372 2204 erat,

249 2252 312 2296 non
336 2234 414 2298 satis
436 2243 547 2317 aperte
562 2233 704 2297 indicata
728 2240 786 2312 est,
809 2233 1098 2298 incohaerentiam
1116 2234 1282 2299 verborum
1299 2251 1370 2296 uon

249 2334 393 2417 quadrat,
429 2353 500 2399 cum
535 2355 598 2399 nou
622 2335 684 2400 nisi
710 2334 750 2397 de
773 2333 898 2416 origine
927 2353 967 2399 ex
989 2334 1113 2399 Miliohi
1143 2342 1239 2416 gente
1269 2333 1370 2398 ducta

248 2444 377 2519 poetam
400 2435 485 2517 loqui
508 2456 525 2500 e
545 2456 639 2500 versu
656 2437 715 2502 107
732 2445 897 2519 appareat.
924 2436 989 2501 Sed
1005 2437 1033 2501 si
1051 2437 1247 2520 ,patrium'
1264 2434 1369 2517 scrip·
1452 2499 1453 2514 ,

247 2537 385 2602 serimus
408 2538 516 2602 omnia
538 2538 618 2601 bene
641 2539 816 2620 procedent
838 2539 995 2620 simulque
1011 2538 1080 2613 erit,
1100 2536 1185 2619 quod
1205 2544 1367 2614 ,materno

248 2639 381 2704 nomini’
412 2659 526 2704 versus
548 2640 600 2704 981
630 2639 811 2722 oppositum
838 2640 890 2721 sit,
919 2645 954 2706 ut
980 2640 1076 2704 etiam
1098 2640 1168 2703 loco
1191 2638 1365 2720 Ouidiano,

249 2760 345 2824 quem
368 2741 580 2820 laudavimus,
610 2741 758 2824 ,Numam
781 2743 968 2806 maternum’
997 2741 1029 2804 in
1052 2761 1098 2806 vs.
1124 2740 1183 2806 105
1204 2741 1364 2812 ,Volesus'

248 2842 392 2926 ,patrii
416 2892 423 2907 .
447 2892 455 2907 .
478 2843 618 2908 nominis
641 2846 761 2908 auctor'
784 2842 956 2926 praeeedit.

678 3070 735 3150 ΙΙΙ,
758 3069 935 3134 420-441.

487 3193 530 3261 lle
554 3192 681 3278 orlplnc
704 3191 847 3261 nominis
870 3191 1122 3278 Pyrcoacurum.

352 3330 462 3394 Tertio
486 3330 556 3394 loco
579 3329 620 3392 ad
636 3329 818 3397 fabulosam
837 3331 1049 3394 narrationem
1074 3349 1093 3392 a
1116 3327 1196 3394 Silio
1218 3330 1360 3396 versibus

245 3432 304 3503 ΙΙΙ,
326 3432 493 3498 420-441
527 3432 684 3514 prolatam
713 3451 763 3496 me
792 3442 908 3512 vertor,
936 3431 1021 3495 unde
1043 3431 1203 3516 Pyrenaei
1235 3441 1360 3498 montes
1452 3431 1453 3446 ¹

245 3553 362 3598 nomen
386 3553 479 3601 suum
508 3533 663 3599 duxerint.
708 3534 807 3612 Quae,
840 3542 875 3599 ut
901 3535 1013 3617 paucis
1042 3533 1156 3612 dicam,
1190 3534 1270 3599 haec
1299 3543 1360 3600 est:

246 3635 403 3702 Hercules
427 3655 498 3700 cum
523 3636 679 3720 Geryonis
702 3656 836 3718 regnum
858 3644 993 3719 peteret,
1022 3636 1055 3700 in
1079 3635 1230 3718 Bebrycis
1254 3644 1360 3702 trucu-

244 3736 322 3800 lenti
346 3737 453 3800 aulam
474 3736 628 3802 deversus
645 3741 719 3802 vino
735 3740 840 3803 ebrius
856 3738 957 3801 tiliam
974 3737 1042 3802 eius
1058 3737 1207 3821 Pyrenen
1222 3738 1358 3805 vitiavit.

350 3999 378 4066 1)
398 3997 441 4055 vd.
461 3997 548 4054 Thiel.
567 4000 601 4054 cd
618 3999 702 4067 Verg,
721 4002 788 4054 Aen.
808 4000 854 4069 IX,
879 3999 940 4055 593.
978 3999 1011 4054 ci.
1030 3998 1193 4070 Nipperdey.
1219 4000 1253 4054 ad
1271 3999 1358 4057 Tacit.

243 4104 305 4142 eun.
323 4085 346 4152 1,
364 4087 399 4142 31
418 4086 660 4157 (cognomentum).

349 4175 375 4244 2)
394 4175 460 4234 Hor.
480 4180 531 4231 sat.
550 4175 570 4238 l,
591 4177 615 4241 6,
635 4177 659 4231 3.
