2936 4718
777 319 819 384 32

236 503 321 568 hune
344 503 447 568 loaum
472 502 514 580 ΙΙ,
530 502 592 568 327
616 509 798 566 senatorem
821 501 1132 588 Carthaginiensem,
1154 505 1209 586 qni
1231 505 1371 571 Hanni·

238 605 320 670 balis
342 605 487 687 partibus
514 603 613 682 favet,
637 611 669 667 et
690 603 762 680 XIl,
785 604 848 668 262
877 602 1022 684 militam,
1051 605 1103 686 qui
1131 605 1206 671 dnm
1228 607 1368 675 Hanni-

237 706 343 770 balem
365 707 515 790 protegit,
538 726 558 770 a
580 705 732 770 Marcello
762 704 794 767 in
822 723 930 787 pugna
951 704 1079 770 Nolana
1104 708 1267 788 ooeiditnr,
1297 711 1369 774 tali

237 808 367 873 nomine
383 808 543 886 affeeerit;
569 814 603 871 ut
618 807 749 871 minime
772 806 896 871 silveri
912 804 1017 870 simile
1033 806 1148 874 Silium
1170 819 1367 876 senatorem

237 909 338 988 illum,
362 912 447 991 qnod
469 910 633 974 Kortnem.
658 907 780 991 (gesoh.
802 907 1000 991 Forsehuug.
1024 928 1055 992 p.
1067 911 1144 984 239)
1168 919 1200 975 et
1222 911 1368 995 Heyua-

238 1011 353 1075 ohsrus
374 1009 466 1097 (diss.
490 1019 522 1076 et
543 1031 648 1095 progr.
672 1031 703 1093 p.
727 1010 781 1095 17)
803 1019 1006 1093 putaverunt,
1030 1030 1070 1076 ex
1091 1012 1231 1093 antiquis
1258 1011 1367 1078 sonti-

239 1113 296 1177 bus
318 1113 476 1179 hausisse.
521 1112 772 1194 Thelgooem
795 1112 857 1195 (vs.
880 1112 993 1196 628),1)
1017 1113 1170 1196 quidquid
1198 1114 1365 1197 quaesivi,

237 1215 314 1279 alibi
350 1213 506 1298 indagare
538 1213 615 1278 mihi
652 1234 715 1278 non
753 1214 898 1296 contigit,
937 1214 993 1279 sed
1022 1215 1103 1279 l'orte
1134 1235 1154 1278 a
1182 1215 1365 1298 participio

237 1317 419 1399 praesentis
441 1316 531 1382 verbi
554 1316 677 1395 Granni,
701 1315 785 1397 quod
808 1323 858 1379 est
880 1317 1017 1399 attyro
1044 1317 1266 1381 deducendum
1294 1326 1366 1398 est,

237 1419 327 1484 ouius
357 1419 403 1484 rei
427 1417 592 1498 Basilius,
622 1418 653 1480 in
683 1415 807 1499 origiue
835 1417 929 1482 huius
956 1425 988 1482 et
1016 1419 1160 1484 Gestaris
1188 1419 1363 1485 nominum
1446 1479 1447 1496 ,

238 1519 433 1584 invenienda
456 1519 711 1585 studiosissimus
739 1519 816 1583 mihi
846 1518 983 1596 adiutor,
1008 1519 1130 1603 primus
1160 1539 1213 1585 me
1241 1519 1364 1585 admo·

237 1622 318 1685 uuit.
360 1620 429 1687 Nee
465 1621 576 1704 pauois
613 1621 757 1704 profesto
785 1620 865 1685 haec
895 1622 1078 1686 coniectura
1106 1621 1362 1688 commendatur.

238 1723 329 1788 Sient
365 1723 451 1788 enim
494 1723 581 1806 apud
616 1723 790 1787 Homerum
827 1723 1003 1788 Merenrios
1048 1721 1178 1809 ἀνδρῶν
1219 1719 1363 1808 ὄμματα

239 1825 381 1907 θέλγει
403 1834 441 1903 (ε,
464 1826 515 1901 47,
539 1850 573 1902 ω,
597 1826 626 1891 3.
644 1822 687 1906 Ω,
709 1827 807 1908 346),
837 1827 882 1891 ita
908 1825 994 1908 apud
1021 1825 1136 1891 Silium
1162 1825 1253 1889 Afri
1282 1845 1360 1891 oum

237 1925 315 1990 alibi
343 1936 408 1992 tum
431 1928 458 2004 Ι,
480 1928 543 1994 412
566 1935 597 1992 et
620 1929 657 2002 V,
684 1927 747 1994 354
773 1929 812 1992 ob
841 1927 1029 2011 sepiendi
1059 1935 1225 2010 serpentes
1253 1935 1362 1993 artem

239 2028 450 2093 celebrantur.
496 2030 693 2113 Appellativi
717 2029 832 2096 Graeci
860 2034 968 2094 autam
999 2049 1018 2092 a
1044 2028 1147 2112 poetis
1175 2029 1207 2092 in
1236 2047 1359 2094 nomen

237 2131 401 2214 proprium
418 2133 566 2198 conversi
582 2132 666 2196 infra
681 2132 778 2195 etiam
795 2130 887 2214 plura
910 2131 1057 2212 exempla
1079 2129 1212 2194 afferam
1229 2135 1274 2214 (p.
1289 2132 1362 2212 99),

237 2239 272 2295 ut
287 2233 431 2297 omittam
447 2234 647 2316 Thelgonem
665 2233 904 2314 Cyrenaeum
927 2231 1163 2313 repraesentari
1186 2231 1240 2312 (el.
1257 2251 1364 2314 supra

237 2351 268 2414 p.
295 2335 346 2416 11)
369 2333 451 2398 Tha
460 2354 551 2417 psus
581 2335 642 2416 (vs.
664 2333 741 2418 636)
768 2333 905 2416 denique
936 2334 975 2397 ab
1003 2335 1080 2399 urbe
1109 2333 1240 2398 Africae
1261 2334 1362 2398 Pom-

238 2434 424 2517 peianorum
460 2435 538 2499 anni
576 2456 606 2499 a.
643 2433 715 2500 Ohr.
744 2456 775 2500 n.
803 2436 865 2500 461.
903 2434 996 2498 olade
1029 2436 1197 2500 nobilitata
1230 2435 1363 2500 deriva-

240 2544 307 2599 tum
332 2546 390 2601 est.

670 2723 724 2800 lv,
748 2722 925 2788 tat-738.

388 2828 633 2900 Trasumennus
658 2826 827 2898 Hannibali
852 2825 1033 2898 somnianti
1058 2826 1203 2913 apparot.

346 2949 499 3032 Tertium,
532 2948 616 3033 quod
639 2968 656 3013 e
679 2949 760 3014 libro
783 2957 895 3032 quarto
925 2947 1077 3012 historiae
1106 2947 1299 3012 eontrarium
1322 2955 1360 3012 et

239 3060 419 3116 oommento
442 3053 569 3136 poetieo
602 3059 714 3116 natum
740 3069 945 3133 praesumere
977 3049 1141 3128 debemus,
1172 3048 1356 3113 adhortatio

240 3151 375 3218 Junonis
400 3161 449 3218 est
475 3154 553 3238 (vsa.
573 3152 764 3236 tta-738),
788 3172 859 3234 qua,
875 3152 983 3235 speeie
999 3151 1216 3215 Trasumenni
1232 3151 1356 3230 induta,
1438 3208 1443 3215 .

238 3253 413 3319 Hannibali
436 3255 469 3320 in
494 3253 628 3319 somniis
651 3252 775 3319 assistit
796 3262 890 3336 utque
913 3260 1019 3318 eastra
1046 3263 1182 3332 moveat,
1211 3253 1356 3318 stimulat

240 3365 272 3422 et
294 3375 446 3439 magnam
468 3356 510 3420 ad
534 3356 624 3420 lanus
647 3355 696 3420 sui
713 3355 800 3436 ripas
823 3373 894 3420 eom
918 3363 1151 3439 reportaturum
1165 3373 1238 3419 essa
1254 3354 1357 3418 viato-

152 3513 154 3518 ,
205 3491 207 3502 ·
239 3459 321 3523 riam
343 3460 521 3542 pollicetur.
565 3457 608 3522 Ut
630 3457 715 3539 apud
739 3457 916 3539 Vergilium
943 3465 1039 3521 nootu
1067 3455 1238 3520 Tiberinus
1270 3455 1355 3520 iuter

239 3562 411 3644 populos
435 3558 603 3626 frondosas
626 3556 774 3622 fluetibus
797 3558 933 3640 emergit
955 3559 1057 3640 (Vlll,
1079 3559 1118 3623 31
1144 3565 1225 3640 sqq-l
1248 3567 1280 3622 et
1295 3577 1353 3641 spe

240 3660 406 3740 honorum,
429 3679 508 3744 quos
531 3659 633 3724 viator
656 3659 717 3724 sibi
739 3659 911 3724 tributurus
945 3661 987 3725 sit
1022 3662 1086 3742 (vs.
1110 3660 1149 3724 61
1174 3661 1243 3742 sq.),
1270 3659 1354 3744 oapi·
1446 3711 1447 3736 ,

240 3761 343 3844 lisque
386 3763 471 3828 orbis
509 3770 663 3827 terrarum
701 3762 801 3843 ripam
836 3779 928 3825 snam
964 3761 1138 3844 aliquando
1175 3759 1354 3826 decoraturi

239 3862 302 3948 (vs.
318 3863 373 3948 65)
396 3865 527 3934 Aeneae
544 3862 667 3946 suadet,
690 3872 725 3927 nt
739 3881 811 3928 eum
827 3862 979 3928 Euandro
994 3862 1177 3926 Palatinum
1193 3863 1354 3930 incolente

347 4091 373 4162 1)
393 4089 461 4148 (lum
481 4092 646 4162 aspiratione
665 4107 745 4146 manu
767 4091 937 4161 soriptorum,
957 4106 1024 4160 quos
1043 4089 1168 4145 Blassius
1187 4106 1248 4144 mea
1264 4091 1355 4159 gratia

240 4183 381 4248 consuluit,
401 4183 453 4238 hoo
472 4195 569 4236 nomen
589 4180 712 4235 soribnnt
729 4177 808 4244 L.³O;
828 4180 886 4234 sine
906 4194 937 4232 ea
956 4177 1018 4234 RV.
