2908 4724
613 1223 793 1342 Visa.

257 1437 427 1504 Joannes
463 1441 657 1506 Robertns
695 1439 922 1508 Guilelmus
959 1437 1263 1506 Schlichteiscu

149 1546 336 1604 natussum
360 1540 445 1605 haud
468 1543 576 1626 procul
600 1563 620 1606 a
641 1542 748 1625 capite
771 1542 898 1626 imperii
923 1540 1108 1607 Germanici
1140 1540 1264 1606 Gran-

151 1640 294 1705 soriae
315 1661 342 1704 a.
366 1640 396 1708 d.
411 1643 465 1708 IV.
483 1643 529 1708 ld.
553 1643 645 1727 April
669 1663 754 1706 anno
775 1643 868 1707 huius
892 1642 1012 1708 saeculi
1028 1642 1124 1712 LlXo
1148 1661 1265 1726 paren·

151 1742 233 1806 tibus
270 1744 454 1825 Angusto
491 1754 522 1810 et
557 1744 756 1810 Mathilda
790 1744 830 1808 de
865 1754 963 1828 gente
998 1745 1264 1828 Bergomann,

149 1844 263 1927 quibus
286 1843 392 1908 adhuc
414 1845 497 1911 vivis
519 1847 654 1930 gaudeo.
685 1847 789 1916 Pater,
812 1847 864 1930 qui
888 1847 1037 1928 religioni
1054 1845 1264 1928 evangelicae

149 1964 201 2011 me
224 1946 447 2014 ascribendum
469 1948 600 2029 curavit,
624 1957 776 2030 temporo,
799 1968 860 2031 quo
877 1956 970 2013 natus
997 1967 1077 2026 sum,
1092 1946 1266 2012 assistebat

150 2047 286 2128 teloneo,
313 2048 371 2113 sed
400 2049 464 2112 iam
492 2050 602 2132 paucis
630 2050 795 2114 mensibus
821 2058 894 2133 post
925 2050 1200 2135 Postampinm
1230 2047 1263 2112 in

150 2148 296 2214 ordinem
318 2150 515 2234 superiorem
538 2159 699 2233 promotus
722 2159 780 2216 est.
811 2151 857 2216 Ibi
880 2172 951 2220 corn
974 2151 1077 2233 prima
1094 2149 1265 2235 magistro·

150 2269 218 2314 rum
248 2250 421 2334 disciplina
456 2251 554 2316 imbui
581 2252 769 2337 coepissem,
799 2261 891 2336 pater
920 2253 1016 2318 rediit
1047 2253 1079 2317 in
1110 2249 1265 2336 oppidum

150 2371 254 2416 meum
278 2354 396 2428 natale,
419 2354 471 2417 ubi
494 2352 654 2419 elementa
677 2355 801 2420 discere
816 2356 951 2439 perrexi.
981 2355 1064 2420 Tum
1081 2374 1166 2419 anno
1183 2353 1265 2419 1866

153 2453 270 2517 bellum
305 2453 382 2520 illud
415 2455 498 2520 inter
519 2456 677 2522 Borussos
709 2467 742 2521 et
762 2457 947 2522 austriacos
982 2463 1128 2522 exortum
1159 2464 1218 2532 est,
1247 2471 1266 2518 e

150 2571 212 2634 quo
230 2555 363 2620 Borussi
386 2549 523 2622 victores
542 2557 745 2622 discedentes
766 2566 800 2622 et
820 2559 903 2624 alios
925 2559 1043 2624 multos
1066 2556 1149 2622 fines
1172 2573 1265 2622 occu·

151 2673 269 2737 pavere
298 2665 328 2721 et
350 2657 652 2724 Franoofurtum
678 2659 724 2724 ad
747 2659 933 2725 Moenum.
977 2660 1048 2724 Huc
1078 2663 1265 2740 cumpater

149 2775 241 2822 meus
264 2757 381 2824 missus
403 2769 499 2837 esset,
522 2769 556 2826 nt
577 2763 732 2827 rationem
757 2761 962 2844 vectigalium
987 2766 1179 2846 procuraret,
1203 2776 1263 2839 ego

151 2858 350 2941 Tychonis
379 2861 608 2927 Mommseui
641 2864 794 2949 auspiciis
820 2863 1024 2946 gymnasium
1055 2863 1149 2930 huius
1177 2862 1263 2928 urbis

151 2959 352 3043 frequentavi
375 2970 407 3028 et
428 2962 627 3028 institutione
649 2965 744 3030 Proff.
775 2965 847 3032 Drr.
870 2964 1178 3045 Oreiaenachii‚
1205 2965 1263 3032 Al.

152 3061 296 3144 Riesii,
318 3064 499 3148 Rumpfii
519 3071 560 3130 de
583 3065 698 3131 litteris
721 3067 925 3151 philologieis
941 3068 1061 3150 optime
1076 3068 1262 3133 meritorum

152 3183 228 3229 usus
247 3184 326 3229 sum.
357 3167 472 3232 Hieme
494 3175 599 3232 autem
623 3168 691 3233 eius
715 3169 802 3250 anni,
824 3187 886 3252 quo
909 3170 940 3233 in
963 3178 1107 3253 quartam
1126 3171 1263 3234 classem

153 3285 342 3348 progressus
365 3289 462 3348 eram,
486 3277 586 3352 pater,
615 3283 648 3335 ut
671 3271 783 3336 eodem
799 3271 842 3335 ibi
858 3291 896 3336 ac
912 3271 1114 3337 Franoolurti
1131 3289 1264 3335 munere

121 3369 348 3455 tangeretur,
389 3369 600 3437 cassellas
642 3375 759 3437 missus
801 3372 930 3455 Lyceo
962 3373 1262 3454 Friderioiano,

151 3471 234 3553 quod
257 3471 348 3538 aDr.
366 3473 543 3540 Gideone
561 3475 703 3560 Vogtio
727 3473 856 3556 regitur,
880 3475 1048 3552 commisit.
1076 3475 1110 3538 lu
1128 3475 1262 3558 primam

152 3571 287 3638 classem
317 3575 513 3658 superiorem
546 3575 786 3658 transscriptus‚
820 3595 892 3641 oum
924 3576 1106 3659 respublica
1138 3583 1261 3658 patrum

154 3691 257 3738 meum
281 3674 479 3742 (ledanum
501 3678 682 3757 accivisset,
711 3687 745 3742 ut
774 3678 947 3743 rationibus
975 3676 1198 3742 examinandis
1229 3680 1261 3740 in

152 3775 318 3856 provincia
341 3777 494 3843 Borussia
522 3780 713 3845 occidentali
741 3787 913 3862 praeesset,
941 3778 1096 3844 cassellis
1124 3779 1263 3847 remansi

152 3875 193 3940 ad
216 3885 376 3942 tentamen
401 3882 591 3946 maturitatis
613 3881 822 3946 subeundum.
867 3880 959 3958 Quod
990 3880 1070 3945 bene
1093 3882 1262 3947 absolvere

152 3979 229 4043 mihi
260 3981 393 4065 contigit
424 3982 519 4046 simul
555 4003 627 4051 cum
664 3983 876 4061 Guilelmo‚
907 3982 1085 4047 celsissimo
1119 3985 1262 4068 principe

152 4081 323 4146 Borussioo
346 4091 378 4148 et
399 4085 617 4168 augustissimi
648 4085 848 4167 imperatoris
871 4084 971 4148 nostri
995 4093 1121 4167 nepote,
1151 4086 1204 4167 qui
1231 4092 1263 4152 et

152 4193 265 4266 postea
291 4203 530 4269 nonnumquam
557 4207 577 4252 a
599 4207 650 4252 mc
679 4194 856 4252 conventus
883 4184 1091 4269 perhumane,
1119 4194 1153 4250 ut
1180 4187 1262 4252 hanc
