2936 4718
770 347 812 412 42

234 542 300 600 turn
324 533 456 600 varient.
502 532 567 599 Sed
590 540 658 596 utut
683 540 741 604 est,
771 551 812 596 ne
834 531 1027 615 optimorum
1051 529 1178 614 quidem
1207 531 1387 597 codicum

235 636 410 700 auotoritas
449 635 565 699 mendo
596 633 722 698 videtur
756 634 865 699 libera.
910 633 1020 715 Neque
1053 631 1138 696 enim
1168 651 1222 713 ea,
1259 653 1386 716 quam

234 737 374 819 tradunt,
398 735 500 801 forma
521 737 561 800 ab
584 737 728 818 Araurio,
759 736 885 802 Galliae
909 733 1051 810 flumine,
1079 743 1114 799 ut
1135 737 1176 804 N.
1199 738 1387 804 Heinsius

235 838 348 917 voluit,
377 836 516 904 derivari
538 846 655 921 potest,
684 837 777 922 quod,
806 837 883 921 quid
910 837 941 900 ei
971 844 1003 902 et
1026 837 1190 920 Hispano,
1219 840 1263 904 de
1296 859 1386 922 quo

235 939 265 1004 h.
300 940 320 1003 l.
358 938 479 1021 agitur,
517 959 686 1004 commune
708 941 765 1021 sit,
801 939 933 1004 minime
969 947 1114 1020 apparet.
1172 941 1289 1024 Itaque
1336 949 1388 1006 ut

235 1045 447 1106 Arauacus
476 1040 646 1121 scribatur,
676 1059 828 1124 propono.
867 1035 1048 1126 Ἀραυάκαι
1076 1040 1162 1104 enirn
1186 1042 1275 1126 apud
1300 1044 1385 1108 Po-

235 1143 356 1228 lybium
378 1141 519 1220 (XXXV,
542 1163 568 1208 c.
592 1143 737 1226 acas,
754 1143 794 1207 13
816 1148 849 1205 et
870 1161 895 1204 c.
910 1142 961 1223 35
975 1142 1006 1223 3,
1029 1140 1075 1223 4).
1119 1141 1381 1210 Celtiberorum

235 1245 402 1330 populus¹)
424 1245 567 1327 audiunt,
590 1264 693 1329 neque
715 1243 900 1307 coniectura
923 1263 943 1306 a
965 1243 1081 1308 litteris
1101 1245 1227 1310 traditis
1242 1249 1379 1330 procul

238 1347 397 1426 recedit.²)

675 1513 713 1592 V,
736 1513 914 1579 eoa-676.

335 1636 492 1708 Hannibal
515 1637 550 1707 at
572 1635 665 1723 llepo
686 1651 813 1723 pupnes
835 1651 981 1722 eampum
1004 1637 1255 1722 perlustrantes.

345 1776 493 1859 Denique
516 1775 558 1838 ad
580 1783 699 1858 partes,
722 1794 800 1858 quas
824 1784 879 1837 aut
901 1773 1032 1855 ingenio
1058 1784 1173 1858 poetae
1199 1794 1371 1859 procusas
1435 1811 1439 1822 ·

237 1889 292 1944 aut
314 1899 353 1944 ex
375 1878 441 1942 alia
464 1897 569 1942 rerum
593 1877 799 1943 cohaerentia
821 1875 975 1940 historiae
1001 1876 1076 1939 belli
1091 1876 1203 1942 Punici
1223 1879 1370 1942 secundi

236 1981 344 2048 illatas
369 1999 442 2045 esse
465 1981 496 2043 in
521 1980 631 2063 aprico
654 1991 713 2059 est,
736 1977 884 2061 pertinet,
908 1977 991 2058 quod
1015 1977 1113 2043 Silius
1136 1982 1250 2044 narrat
1267 1977 1369 2043 Han-

237 2083 377 2147 nibalem
401 2102 472 2146 cum
495 2081 632 2164 Magone
656 2080 755 2144 fratre
779 2079 836 2144 sub
867 2087 994 2142 noctem
1018 2099 1075 2162 per
1109 2099 1237 2163 pugnae
1269 2099 1368 2146 cam-

236 2205 311 2270 pum
333 2185 432 2249 ivissc
455 2189 489 2249 et
511 2183 621 2248 hostcs
647 2201 759 2247 omnes
787 2180 932 2245 adversis
960 2181 1144 2247 vulneribus
1175 2179 1368 2265 transfixos,

238 2307 293 2352 ora
315 2288 529 2351 Romanorum
552 2303 740 2367 quamquam
763 2289 865 2345 morte
888 2282 1017 2366 pallida,
1052 2290 1158 2348 tamen
1188 2283 1364 2348 etiamtum

238 2398 361 2452 trucem
381 2387 532 2450 ferociam
556 2385 732 2466 servantia,
754 2403 868 2448 manus
890 2384 1083 2449 cadaverum
1099 2387 1196 2450 etiam
1213 2393 1365 2451 mortuas

239 2509 329 2552 arma
353 2487 436 2551 rivis
459 2495 567 2550 amata
589 2486 822 2569 amplectentes
845 2485 995 2552 miratum
1018 2506 1100 2569 esse,
1131 2506 1192 2572 quo
1222 2495 1365 2569 aspectu

239 2588 395 2653 adductus
428 2587 546 2671 populo
578 2589 690 2652 talium
721 2589 860 2653 virorum
892 2587 924 2651 in
957 2587 1033 2662 fatis
1066 2587 1237 2672 imperium
1270 2589 1365 2655 orbis

239 2701 394 2756 terrarum
416 2689 611 2756 destinatum
642 2711 714 2755 esse
745 2690 805 2756 sibi
835 2691 1030 2776 persuaserit
1059 2693 1139 2777 (ves.
1162 2690 1362 2771 666-676).

239 2793 301 2856 Hic
322 2792 393 2873 quis
416 2799 474 2866 est,
498 2792 550 2875 qui
573 2812 635 2857 non
661 2793 769 2857 videat
791 2793 969 2858 imitatione
997 2794 1197 2875 expressisse
1226 2801 1363 2876 poetam

240 2895 381 2958 fabulam
404 2892 494 2957 illam
518 2893 740 2974 clarissimam,
764 2914 827 2978 qua
849 2895 989 2978 Pyrrhus
1011 2914 1067 2959 rex
1089 2914 1160 2958 cum
1184 2901 1255 2978 post
1276 2913 1365 2977 pug-

239 2995 377 3059 named
402 2995 594 3060 Heracleam
622 2997 826 3062 commissam
856 2997 965 3062 hostes
998 3017 1111 3062 caesos
1138 2997 1362 3080 perlustraret,
1464 3077 1465 3094 ἢ

239 3094 348 3158 habitu
385 3096 536 3178 vultuque
569 3116 679 3162 eorum
714 3096 955 3181 obstupefactus
991 3100 1189 3164 exclamasse
1222 3099 1360 3164 dieitur:
1464 3103 1465 3116 ¹

258 3313 260 3320 ’
344 3323 371 3388 1)
385 3319 483 3377 Eorum
503 3327 562 3376 erat
579 3321 728 3377 Numantia
746 3323 818 3380 urbs.
832 3314 970 3395 Ἀρουάκοι
995 3325 1164 3395 appellantur
1188 3325 1280 3382 Strab.
1308 3323 1360 3391 111,

240 3411 293 3478 45
313 3411 357 3465 13.
380 3431 408 3458 =
430 3427 457 3480 p.
477 3412 529 3466 162
554 3409 615 3466 Cae.
639 3401 779 3482 Ἀρουακοί
804 3411 880 3469 Diod.
906 3411 1006 3480 XXXI,
1025 3417 1069 3474 42.
1103 3415 1217 3486 Appian,
1243 3413 1312 3468 lber.
1336 3429 1360 3472 0.

237 3499 286 3562 453
305 3500 354 3569 46;
373 3499 416 3556 50.
428 3489 579 3570 Ἇρεουάκαι
597 3498 711 3557 Ptolem.
730 3499 768 3566 II,
789 3502 806 3556 6
824 3501 839 3570 ξ
860 3501 903 3558 56.

345 3589 372 3653 2)
392 3587 444 3652 Qui
462 3590 532 3642 hanc
557 3603 643 3642 meam
669 3590 885 3646 emendationem
908 3593 1025 3660 probant
1050 3592 1140 3647 tacere
1168 3591 1278 3658 qnidam
1303 3607 1359 3646 non

240 3679 363 3744 possunt,
391 3677 454 3744 quin
481 3675 632 3730 concedant
656 3677 754 3732 Silium
777 3682 836 3732 tum
860 3678 972 3735 diversis
996 3681 1074 3736 modo
1100 3681 1255 3736 nominibus
1279 3697 1358 3735 usum

242 3762 328 3816 eidem
349 3764 428 3831 genti
447 3763 583 3834 duplicem
602 3766 631 3819 in
649 3767 775 3835 catalogo
790 3767 950 3822 Hannibalis
977 3771 1116 3839 copiarum
1128 3771 1218 3824 locum
1231 3771 1358 3825 tribuisse

240 3851 281 3928 rel
298 3851 399 3906 rectius
418 3851 513 3907 ducem
532 3854 733 3922 apopularibus
753 3857 809 3910 suis
830 3858 983 3922 secrevisse,
1003 3875 1063 3912 cum
1081 3857 1131 3922 ΠΙ,
1144 3859 1198 3914 362
1217 3859 1356 3924 ,Arbacus'

140 3977 142 3984 ,
241 3941 336 4006 exstet,
368 3940 439 4009 quod
457 3941 533 3995 idem·
552 3959 613 3996 esse
641 3959 703 3997 cum
724 3946 852 4000 Arauacis
880 3963 911 4000 ex
929 3947 1039 4002 Aurelio
1057 3948 1165 4002 Victore
1185 3947 1229 4014 (de
1247 3949 1298 4007 vir.
1317 3949 1358 4006 ill.

241 4045 264 4087 c.
283 4027 329 4097 61)
359 4034 478 4098 apparet.
516 4030 570 4086 Sed
600 4031 682 4100 etiam
714 4032 851 4087 Carteiam
883 4037 910 4089 et
936 4035 1084 4090 Tartesson
1114 4041 1194 4106 poeta
1224 4038 1358 4108 separarit

241 4115 288 4185 (ib.
301 4118 362 4182 396,
376 4117 448 4188 399),
468 4135 631 4189 quamquam
649 4117 721 4175 Plin.
741 4120 774 4175 N.
800 4121 833 4179 Η.
853 4121 895 4176 ΙΙΙ
913 4139 935 4178 c.
954 4123 970 4178 1
989 4118 1007 4196 ξ
1026 4125 1042 4178 l
1073 4123 1199 4195 ,Carteia
1218 4125 1357 4181 Tartessos

240 4220 257 4260 a
275 4204 384 4262 Graecis
403 4205 485 4263 dicts’
502 4207 578 4266 dicit.
