2908 4724
647 351 707 417 107

101 538 149 602 in
185 537 389 620 elephantem
423 536 578 620 impetum
610 537 734 602 faciunt
761 537 823 623 (vs.
852 538 915 604 615
936 537 1028 620 squ),
1064 543 1236 620 postquam

104 639 276 704 Fibrenus
297 639 478 722 exemplum
500 636 697 703 fortitudinis
719 638 809 704 dedit
831 641 891 720 (vs.
907 640 969 706 605
986 636 1070 721 sqq.)
1093 637 1135 701 ad
1150 638 1235 720 quod

104 741 251 806 carmini
284 740 516 822 iniungendum
547 747 673 822 poetam
705 740 787 804 forte
817 741 972 805 memoria
994 739 1124 806 Minucii
1148 739 1235 804 illius

106 843 250 919 adiuvit,
280 843 332 925 qui
362 843 394 904 in
418 861 527 925 pugna
550 841 773 906 Heracleotica
795 843 917 925 primos
940 842 1144 925 elephantem
1167 841 1235 905 vul-

104 945 244 1009 neravit
269 949 301 1008 et
323 951 434 1008 contra
461 961 537 1008 suos
561 943 686 1007 saevire
709 943 881 1026 impulit.1).
925 945 967 1008 Et
990 945 1017 1008 si
1041 944 1148 1010 studio
1175 944 1237 1007 Ro·

114 1065 232 1110 manos
264 1045 439 1110 excusandi
470 1043 583 1108 doctus
612 1063 651 1108 eo
674 1063 773 1128 usquc
795 1046 911 1110 luroris
935 1047 1089 1129 abreptus
1112 1053 1161 1109 est
1185 1045 1234 1109 si-

115 1147 190 1228 lius,
215 1156 249 1211 ut
273 1145 389 1212 bestias
405 1147 437 1210 iu
455 1147 558 1228 ipsam
580 1165 697 1228 aquam
720 1147 901 1219 deduceret,
925 1148 984 1212 hoe
1006 1166 1077 1212 com
1100 1165 1138 1210 eo
1162 1166 1234 1210 con-

114 1250 322 1323 nectendum,
352 1248 435 1332 quod
459 1248 555 1311 etiam
580 1247 698 1312 milites
720 1249 912 1313 Hannibalis
935 1249 966 1312 in
990 1249 1088 1312 fluvio
1112 1255 1235 1312 noctur-

112 1351 168 1416 nis
204 1351 356 1414 imbribus
389 1361 482 1416 aucto
506 1351 697 1415 dimicantes
726 1349 852 1415 induxit
876 1353 940 1430 (vs.
964 1351 1036 1422 589,
1059 1349 1121 1414 625
1143 1349 1235 1431 sqq.),

110 1471 308 1536 quamquam
333 1462 365 1516 et
387 1453 539 1536 Polybius
563 1462 595 1517 et
610 1453 721 1518 Livius
744 1454 905 1536 expressis
927 1454 1034 1518 verbis
1050 1453 1175 1516 Poenos
1203 1459 1236 1514 et

112 1557 207 1638 ipsos
230 1553 349 1636 frigore
372 1553 475 1618 sessos
499 1573 562 1618 non
586 1553 669 1617 ultra
695 1555 796 1639 ripam
820 1555 946 1620 hostem
961 1563 1146 1638 persecutos
1162 1571 1235 1617 esse

114 1656 315 1740 testantur.²)
344 1656 503 1738 donibus
527 1675 583 1720 cur
605 1657 775 1722 recesserit
792 1665 898 1739 poeta,
922 1677 984 1720 non
1003 1658 1089 1720 latet.
1129 1655 1236 1719 Voluit

114 1756 204 1824 enim
242 1757 444 1824 occasionem
488 1757 547 1821 sibi
586 1758 692 1841 parari
730 1757 923 1821 narr-ationis
960 1757 1151 1822 Homericae
1195 1756 1234 1820 de

116 1859 246 1925 Achille
270 1879 340 1922 cum
355 1857 554 1923 Scamandro
577 1859 719 1922 luctante
736 1859 919 1922 imitandae.
964 1859 1235 1944 Siclleynacheri

114 1968 307 2044 argumenta
340 1959 445 2024 iutilia
474 1961 688 2024 inveniuntur.
733 1960 801 2024 Nee
832 1961 947 2025 melios
977 1961 1017 2024 ad
1039 1959 1234 2043 persuaden-

117 2063 194 2128 dum
217 2069 294 2145 apta
316 2071 391 2126 sunt
412 2070 524 2126 notata
547 2063 579 2125 in
604 2081 709 2126 rerum
724 2070 929 2126 tractatarum
946 2062 1034 2127 brevi
1050 2070 1232 2144 conspeetu,

118 2165 244 2247 qualem
267 2165 316 2228 vir
339 2163 449 2244 doctus
472 2165 643 2246 unicnique
666 2163 761 2245 caqiti
785 2163 972 2228 subnectere
995 2163 1086 2228 solet.
1124 2164 1234 2244 Equi·

121 2267 176 2330 hos
210 2267 348 2330 breviter
376 2265 548 2332 inculcem:
583 2285 665 2343 eum,
700 2266 727 2330 si
757 2265 887 2348 saepius
923 2264 1057 2329 offendit
1085 2265 1233 2330 laudibus

115 2367 307 2452 Scipionum
339 2387 441 2450 neque
475 2367 604 2432 aliunde
637 2387 693 2432 eas
727 2367 793 2450 peti
828 2367 972 2450 potuisse
1005 2369 1097 2450 putat
1127 2387 1166 2430 ac
1193 2366 1234 2430 de
1340 2354 1341 2357 ¹

115 2470 240 2552 scripto
273 2469 375 2544 fonte.
413 2470 549 2535 maxime
571 2469 691 2547 Ennio,
715 2469 902 2552 Scipionum
924 2469 1039 2552 amieo,
1060 2488 1232 2552 numquam

114 2571 181 2638 sibi
210 2571 242 2634 in
277 2580 417 2638 mentem
439 2591 610 2636 revocasse
643 2579 755 2654 poetas
778 2571 908 2635 omnino
931 2571 963 2635 in
988 2571 1102 2636 heroas
1126 2579 1157 2636 et
1179 2573 1234 2637 du-

115 2691 174 2738 ces
195 2692 271 2738 soos
292 2691 433 2737 summos
457 2673 592 2738 honores
615 2673 779 2737 cumulare
802 2672 980 2755 clariusque
1003 2673 1110 2737 lumen
1135 2674 1234 2739 effun-

115 2775 206 2840 dere.
251 2775 286 2840 Si
309 2775 452 2857 poeticas
474 2777 666 2858 proeliorum
690 2773 731 2838 ad
752 2773 901 2838 Ticinum
923 2783 955 2838 et
978 2773 1128 2838 Trebiam
1151 2795 1236 2840 oom-

117 2877 291 2940 missorum
304 2875 538 2958 descriptiones
550 2877 666 2961 poetici
683 2876 819 2958 exempli
834 2875 973 2958 vestigia
988 2895 1061 2940 esse
1072 2879 1237 2943 contendit

118 2979 312 3060 (diss.p.29)
329 2979 388 3042 hoo
403 2989 453 3043 est
468 2979 583 3045 Silium
597 2981 683 3044 omni
693 2979 816 3062 ingenii
825 2978 977 3044 facultate
986 2979 1124 3062 privare.
1142 2980 1238 3046 Esset

119 3084 265 3164 profecto
281 3081 492 3156 miserandus,
512 3081 540 3145 si
556 3083 710 3146 materiae
726 3101 823 3164 prosa
833 3081 978 3145 oratione
990 3079 1126 3145 traditae
1138 3083 1237 3165 poeti-

118 3203 189 3248 cum
199 3182 426 3247 vestimentum
436 3183 638 3247 iuduerenon
649 3185 815 3265 potuisset.
830 3183 1062 3248 Idemvaletde
1072 3185 1235 3268 auspiciis,

121 3303 257 3368 quorum
273 3285 483 3367 lleynachero
499 3285 604 3350 iudice
626 3285 718 3372 (diss.
736 3306 765 3370 p.
782 3287 825 3352 30
839 3305 884 3348 nr.
902 3285 934 3365 1)
955 3304 976 3347 a
997 3284 1088 3350 Livio
1111 3285 1240 3352 diversa

122 3385 239 3450 afferre
272 3405 335 3449 non
370 3385 537 3468 potuisset,
569 3388 632 3452 nisi
655 3389 806 3469 Ennium,
840 3386 1013 3451 Euhemeri
1046 3394 1238 3452 sectatorem

124 3490 230 3570 itaque
267 3488 398 3554 liberios
433 3490 551 3554 tradita
583 3489 731 3572 prodigia
770 3489 960 3570 seligentem
994 3496 1027 3551 et
1062 3488 1238 3553 secundum

129 3712 134 3728 η-
232 3683 258 3751 1)
277 3681 313 3738 ci.
332 3681 490 3737 Mommsen.
519 3681 740 3745 hist.llom.1‚6
766 3699 791 3751 p.
815 3681 875 3738 396.
913 3680 989 3734 Oros.
1016 3677 1062 3742 lv,
1082 3681 1106 3742 1,
1134 3695 1161 3747 p.
1180 3681 1241 3739 216.

123 3769 231 3841 ‚Gaium
249 3769 413 3825 Numicium’
434 3786 494 3824 eum
504 3771 584 3824 vocat
593 3768 689 3823 Florus
700 3768 721 3838 l,
731 3771 774 3842 13,
785 3770 800 3839 5
810 3771 827 3824 9
837 3769 871 3830 Η.
882 3798 915 3806 -
927 3768 1059 3822 Similiter
1079 3767 1161 3822 Silius
1181 3766 1241 3824 erim

123 3860 153 3912 in
172 3875 265 3928 pugna
283 3857 421 3912 Cannensi
439 3858 511 3913 iaces
530 3860 559 3912 in
578 3857 735 3927 elephantes
762 3859 874 3912 turritos
894 3857 1028 3912 coniectas
1048 3874 1105 3911 esse
1133 3859 1241 3913 commi-

124 3947 276 4001 nisceretur
294 3946 341 4016 IX,
360 3949 412 4003 599
431 3963 497 4018 sqq.‚
525 3947 576 4003 hoc
604 3963 634 4000 ax
657 3945 758 4016 pugnis
778 3963 840 4000 cum
859 3945 962 4014 Pyrrho
981 3945 1064 4000 factis
1092 3946 1137 4015 (ad
1157 3949 1244 4004 Ascu-

124 4035 193 4092 lum:
223 4036 293 4090 h'lor.
311 4035 333 4103 1,
359 4037 400 4102 13,
420 4037 495 4105 510.
517 4035 628 4091 -Zonau
647 4035 720 4101 VIII,
739 4035 763 4093 5.
784 4034 819 4091 ad
837 4033 1033 4088 Beneventum:
1062 4034 1136 4091 Oros,
1155 4037 1200 4108 IV,
1220 4040 1244 4101 2,

69 4142 71 4146 ·
125 4141 150 4194 p.
170 4125 231 4184 219.
269 4124 350 4178 Peter
367 4125 432 4179 hist.
451 4123 528 4179 Rom.
547 4123 579 4177 ΙΒ
597 4141 623 4194 p.
643 4125 705 4192 273)
725 4123 880 4192 desumpsit.

236 4211 264 4283 2)
283 4211 376 4282 Polyb.
397 4229 419 4267 c.
440 4214 474 4268 74
491 4213 508 4281 5
527 4213 553 4268 9.
573 4212 629 4268 Lir.
651 4230 673 4268 c.
694 4213 729 4269 bb
747 4213 764 4281 5
784 4213 808 4266 7.

1035 4315 1069 4369 8*
