2936 4718
640 342 679 406 41

85 524 229 588 riantur
245 522 329 587 velut
345 532 471 607 praeter
487 523 647 590 Calvisius
661 532 693 588 et
706 525 881 600 Numisius.
904 545 1035 611 quorum
1059 531 1222 596 nominum

90 625 269 709 complura
291 626 439 710 exempla
462 627 525 690 iarn
539 626 701 694 Jordanns
723 627 809 706 (loeo
831 647 863 711 p.
881 629 924 696 40
944 629 1052 694 adnot.
1071 633 1092 697 5
1114 632 1224 711 citato,

92 749 131 811 p.
159 730 219 792 111
244 725 306 812 sq.)
326 731 501 811 congessit,
524 728 683 794 Ourtisins
708 730 812 794 -sia
834 732 920 796 anim
942 731 1093 797 traditum
1117 745 1167 798 est
1180 771 1223 784 -··

94 829 158 911 qui
186 848 350 894 servorum
379 831 548 896 tumultum
572 830 604 894 iu
635 830 733 896 ltalia
762 831 913 897 excitavit
940 837 1029 910 (ann.
1053 835 1105 916 IV,
1128 835 1223 921 27i.²)

95 931 146 996 Et
169 931 213 994 ita
235 943 344 996 uetera
365 932 506 1013 nomina,
529 951 663 1014 quorum
685 933 793 997 omnia
814 933 856 998 ad
878 934 973 1000 huius
995 935 1222 1020 disputationis

97 1032 186 1097 fines
208 1033 415 1116 pertinentia,
449 1033 532 1098 siout
565 1044 664 1098 antea
691 1035 756 1098 iam
787 1033 862 1111 feei,
884 1034 1043 1118 'afferam
1070 1040 1123 1103 nbi
1152 1041 1223 1104 fieri

94 1136 214 1218 potnit,
248 1133 324 1217 quid
361 1134 546 1218 significent
567 1136 619 1200 vel
644 1136 728 1200 unde
751 1135 829 1200 mibi
851 1136 1020 1220 desumpta
1043 1140 1222 1222 videantur,

91 1237 260 1318 adiciens,
291 1256 396 1320 purae,
426 1237 479 1302 ubi
503 1239 634 1303 mutatio
663 1237 849 1302 necessaria
876 1245 954 1316 erat,
984 1259 1062 1322 paee
1091 1242 1221 1309 leuioris

91 1338 250 1403 benevoli
276 1358 365 1404 meas
381 1340 583 1404 coniecturas
599 1329 791 1424 proponens,
814 1348 869 1404 aut
890 1340 982 1405 nobis
998 1341 1129 1408 aliunde
1145 1351 1223 1411 uota

96 1461 178 1506 esse
200 1450 255 1505 aut
276 1452 389 1524 poetae
413 1441 512 1506 fuisse
535 1441 827 1506 demonstraturum
849 1461 900 1505 me
923 1462 1028 1526 spero.
1073 1443 1219 1530 Denique

99 1543 168 1606 iarn
192 1543 324 1607 mortuis
345 1544 500 1609 Romanis
524 1544 677 1608 militibus
700 1543 875 1607 adduntur:
905 1542 1033 1609 Fadus
1055 1548 1117 1632 (vs.
1132 1549 1221 1633 565),

98 1643 221 1708 eodem
239 1645 375 1710 mutus
392 1663 466 1710 auus
479 1645 583 1709 Turni
601 1645 743 1722 austudu,
764 1645 820 1728 qui
840 1646 998 1711 abulensi
1016 1648 1088 1712 riuti
1108 1652 1221 1731 poeula

96 1746 200 1810 dueta
222 1765 335 1812 somno
369 1749 533 1812 obmersus
570 1756 620 1813 est
642 1749 751 1830 (Verg.
772 1750 854 1812 Aen.
875 1747 932 1825 XI,
958 1748 1046 1832 344),
1075 1750 1220 1835 affectus,

101 1848 274 1912 Labicus
297 1847 377 1932 (itu),
406 1850 489 1932 quod
520 1849 655 1916 incolam
679 1849 788 1914 Labioi
812 1847 923 1932 oppidi
953 1851 1011 1912 sub
1034 1863 1143 1917 moute
1166 1855 1220 1919 Al-

101 1949 189 2014 banu
222 1949 302 2032 inter
336 1951 436 2016 Tibur
468 1958 500 2014 et
532 1951 709 2016 Praeneste
741 1950 795 2014 siti
827 1950 947 2024 innuit,
984 1959 1017 2014 et
1055 1963 1219 2035 postremo

102 2050 335 2116 Herminius
358 2053 418 2137 (us.
440 2053 526 2135 580).
549 2052 613 2135 qui,
637 2062 670 2116 ut
692 2058 815 2134 patrem
839 2070 950 2115 senem
972 2051 1084 2130 aleret,
1114 2055 1221 2137 pisces

104 2173 123 2217 e
148 2154 219 2219 laen
242 2156 465 2220 Trasumenno
488 2164 620 2237 captare
642 2153 767 2218 solebat
788 2161 821 2216 et
843 2154 975 2216 Aeneae
1004 2153 1092 2219 sunio
1119 2176 1139 2220 a
1162 2157 1222 2224 Ca-

100 2256 173 2321 tillo
201 2257 368 2321 Tiburtino
390 2255 497 2320 occiso
521 2255 631 2338 (Verg.
655 2257 732 2320 Aen.
755 2254 811 2332 IX,
834 2254 912 2339 642)
937 2257 1139 2336 cognominis
1161 2269 1221 2326 est.

98 2358 223 2423 Contra
246 2379 264 2423 e
288 2357 601 2441 Carthaginiensium
624 2357 767 2440 partibus
794 2357 827 2420 bi
850 2356 913 2421 dno
937 2376 1064 2440 pugnae
1088 2359 1221 2442 imagini

98 2468 237 2542 agentes
260 2461 458 2525 inseruntur:
484 2464 510 2524 1.
535 2455 762 2544 Ithemon,²)
784 2459 848 2523 dux
871 2458 1054 2527 Autololum
1071 2462 1222 2530 Afrorum

102 2564 160 2642 (vs.
184 2561 271 2640 546),
295 2562 346 2626 oui
362 2562 523 2628 Laevinus
546 2561 652 2644 spolia
674 2559 874 2626 detracturus
897 2569 953 2625 ert.
985 2554 1078 2638 Quod
1094 2569 1220 2627 nomen,

103 2683 174 2728 oum
198 2663 277 2728 alibi·
298 2683 454 2746 nusquam
478 2663 666 2740 invenerim,
697 2681 768 2728 eum
791 2661 1009 2726 Etlrenrone
1033 2653 1222 2722 mutandum

102 2785 176 2832 esse
200 2765 334 2848 oouieoi,
363 2767 436 2849 quia
466 2765 518 2830 hie
547 2763 632 2848 apud
661 2762 755 2829 Ouid.
783 2763 859 2828 Met.
882 2764 920 2842 V,
951 2763 1012 2827 163
1038 2768 1072 2823 et
1101 2756 1162 2821 169
1189 2758 1223 2817 et

100 2868 173 2952 ipse
209 2867 292 2932 iuter
324 2876 518 2951 pugnatores
545 2865 660 2930 Pbinei
695 2866 782 2930 illius
811 2866 866 2946 (ol,
897 2883 995 2946 supra
1026 2881 1057 2945 p.
1081 2860 1136 2942 39)
1166 2874 1221 2920 no·

101 2971 252 3036 minatur.
292 2972 323 3037 2.
349 2970 413 3034 dux
433 2969 564 3054 quidam
587 2970 752 3052 copiarum
779 2967 1027 3052 Hispauioarum
1047 2959 1221 3028 Viriasium

103 3073 247 3156 fugiens,
277 3073 329 3156 qui
352 3092 399 3138 vs.
421 3071 484 3136 557
517 3071 610 3136 huius
638 3071 709 3135 libri
740 3079 772 3135 et
798 3069 856 3144 ΙΙΙ,
878 3069 941 3134 403
971 3067 1005 3130 in
1034 3058 1222 3132 Coloniensi

101 3175 205 3243 codici
220 3169 409 3252 ,Arauricus'
435 3181 568 3237 vocatur
584 3171 867 3245 eonsentieutibus‚
890 3168 1080 3243 statuetur,
1102 3160 1221 3230 Blassii

103 3297 201 3343 manu
230 3276 359 3360 seriptis
396 3274 595 3353 melioribus,
625 3276 687 3339 nisi
720 3272 806 3358 quod
838 3274 979 3356 optimus
1011 3287 1139 3342 eorum,
1167 3261 1221 3344 qui

102 3371 242 3444 aetatem
265 3377 419 3457 tulerunt,
438 3375 480 3442 L⁸
501 3376 571 3442 loeo
593 3375 754 3460 posterius
769 3381 867 3442 altato
883 3369 1066 3454 ‚arantibus‘
1082 3364 1225 3439 exbibet,

103 3501 175 3546 num
198 3479 373 3545 deteriores
398 3480 481 3559 libri,
511 3499 529 3544 e
555 3478 667 3561 quibus
691 3477 883 3554 ‚Arantioua
907 3469 1113 3546 transiens,
1134 3467 1220 3532 sva

104 3582 201 3657 riuus,
227 3581 412 3661 Aurarious,
442 3577 591 3646 Arauaus’
622 3579 662 3644 ab
690 3578 866 3643 editoribus
894 3575 1117 3659 proferuntur,⁸
1141 3565 1222 3631 mul·

208 3845 237 3916 1)
255 3845 348 3914 Ipsum
372 3843 524 3898 Viriasii
547 3858 645 3898 nomeu
677 3843 706 3898 in
737 3840 914 3910 inseriptione
944 3834 1084 3892 inuenitur
1102 3847 1144 3903 ap.
1170 3829 1221 3884 Fa·

104 3934 235 3990 brettinm
264 3934 358 4004 (Corp.
384 3933 466 3988 inser.
491 3931 551 3989 Ital.
578 3931 641 3996 656,
664 3928 738 4001 482),
775 3945 852 4000 qnam
881 3925 978 3980 laudat
1003 3920 1160 3992 Nipperdey
1187 3917 1227 3972 ad-

105 4025 166 4080 tae.
184 4039 247 4081 auu.
267 4021 315 4086 IV,
334 4021 378 4078 28.
1154 4051 1156 4055 ,

208 4111 238 4179 2)
256 4110 396 4175 ‚ithamon'
420 4107 476 4168 Gal
504 4109 651 4164 meandum
675 4107 781 4164 Halmii
805 4092 1003 4176 testimouium
1017 4102 1156 4174 ,inbutum
1174 4098 1221 4156 l.i

105 4198 268 4270 ,yrebomon'
286 4199 316 4268 F,
336 4197 481 4268 ,yrbemon'
500 4195 554 4252 OV.

1004 4265 1022 4320 4
