2936 4718
633 357 674 423 67

64 541 267 609 seeundum
290 562 386 625 quem
409 542 569 608 Hannibal
591 541 721 607 omnino
743 542 785 606 ad
814 541 1004 627 Allobroges
1027 562 1091 608 non
1114 542 1210 610 venit

63 645 266 709 Praeterea
298 645 326 708 si
357 643 454 728 paulo
483 651 608 708 tautum
645 643 826 709 accuratius
854 645 980 711 Livium
1003 644 1092 727 legit,
1125 644 1212 729 apud

71 745 186 811 illum
207 753 368 811 auctorem
392 746 480 811 viam
501 744 693 810 Hannibalis
716 766 811 828 quam
833 746 972 811 maxime
987 744 1211 828 complicatam

75 865 168 912 esse
204 866 264 912 nee
299 846 508 932 Allobrogum
545 847 742 912 mentionem
784 853 860 930 apte
896 867 968 913 oum
1004 847 1211 931 sequentibus

77 949 266 1014 cohaerere
297 967 494 1031 cognoscere
521 949 638 1013 debuit.
689 949 804 1013 'Palem
833 948 1025 1014 narrationis
1055 947 1211 1012 Livianae

78 1049 346 1134 discrepantiam
376 1049 503 1114 etiamsi
532 1059 564 1116 et
593 1070 654 1133 ego
677 1050 752 1115 inde
775 1059 885 1115 natam
909 1069 981 1115 esse
1002 1055 1089 1132 puto,
1127 1047 1211 1132 quod

74 1151 202 1217 Livius
233 1151 327 1217 initio
350 1151 517 1234 Polybium
545 1162 674 1219 secutus
697 1173 717 1216 a
739 1172 766 1217 c.
788 1154 827 1219 31
852 1152 870 1236 ἕ
892 1153 913 1216 9
935 1151 999 1216 alio
1022 1150 1111 1214 fonte
1134 1169 1210 1214 usus

71 1255 151 1331 sit,
189 1267 294 1318 tamen
332 1252 464 1332 Silium,
500 1254 552 1337 qui
589 1254 628 1319 ob
673 1273 803 1320 causam
852 1259 1062 1316 memoratam
1107 1251 1210 1316 solam

74 1355 231 1420 alteram
268 1353 487 1419 narrationum
524 1375 543 1419 a
577 1355 669 1420 Livio
707 1356 996 1421 contaminatarum
1034 1351 1210 1437 adoptavit,

71 1457 166 1521 ideo
195 1475 260 1521 nou
284 1475 324 1521 ex
345 1456 438 1521 Livio
463 1457 535 1540 ipso
563 1456 721 1538 hausisse,
759 1456 817 1522 sed
854 1476 891 1522 ex
927 1454 1086 1520 communi
1121 1452 1212 1519 lente

79 1559 258 1642 primario,
282 1577 354 1622 cum
378 1577 417 1622 ea
440 1559 534 1623 huius
557 1559 717 1643 scriptoris
740 1568 841 1641 parte,
865 1577 947 1641 quae
963 1558 1132 1641 Polybium
1147 1575 1212 1621 nou

80 1660 217 1743 reddat,
241 1661 474 1740 consentiente,
501 1660 712 1745 Heynachero
741 1680 805 1726 non
836 1660 964 1742 largior.
1013 1659 1095 1725 Nam
1127 1657 1212 1742 qnod

83 1762 194 1829 Silius
227 1765 289 1840 (vs.
319 1763 391 1844 466,
423 1760 500 1842 467)
535 1761 619 1826 inter
651 1761 777 1828 Galliae
804 1761 950 1844 populos,
986 1779 1045 1846 per
1077 1780 1212 1843 quorum

83 1864 177 1928 fines
198 1865 380 1929 Poenorum
402 1862 561 1927 exereitus
584 1864 644 1928 iter
667 1864 753 1945 facit,
783 1863 871 1928 solos
894 1862 1156 1928 Tricastinos
1179 1870 1213 1927 et

88 1965 311 2030 Voeuntios
334 1964 523 2029 nominatim
545 1965 697 2048 appellat,
721 1984 793 2031 oum
814 1964 925 2030 Livius
947 1962 1034 2030 XXI.
1051 1984 1078 2029 e.
1094 1966 1133 2030 31
1157 1965 1212 2045 §9

91 2073 224 2152 praeter
258 2087 316 2131 eos
354 2067 450 2130 etiam
480 2065 692 2131 Tricorios
714 2065 839 2147 afferat,
876 2065 1104 2150 Heynacherns
1140 2067 1212 2148 ipse

92 2167 157 2233 hoc
180 2168 351 2234 discrimen
376 2167 518 2232 libertati
549 2177 665 2252 poetae
695 2167 939 2233 condonandum
962 2185 1036 2232 esse
1058 2165 1212 2242 concedit,

86 2269 148 2354 qui
169 2290 233 2335 uon
257 2269 352 2334 anxie
375 2271 482 2335 omnia
511 2269 656 2352 gentium
690 2267 820 2335 nomina
852 2287 1042 2334 enumerare
1063 2269 1212 2348 voluerit,

82 2381 188 2456 atque
225 2391 264 2437 eo
300 2371 404 2454 magis
441 2371 568 2455 quidem
605 2373 680 2459 (ego
715 2373 923 2457 addiderim),
959 2372 1044 2455 quod
1087 2369 1211 2453 ,faciles

83 2473 218 2556 campi’,
253 2492 334 2556 quos
357 2473 457 2539 Silius
482 2474 546 2539 iam
567 2485 642 2540 ante
666 2494 751 2557 ,rura
773 2473 938 2541 Vocuntia'
971 2480 1211 2551 commemorat,

82 2576 160 2642 veri
200 2576 309 2659 specie
347 2574 444 2655 ,haud
485 2595 635 2660 umquam
675 2577 864 2662 impeditam
901 2577 1006 2655 viam',
1044 2594 1126 2658 quae
1163 2593 1210 2638 se·

85 2677 232 2744 cundum
254 2676 471 2742 narrationem
493 2677 664 2756 Livianam
687 2680 784 2744 etiam
807 2679 848 2743 ad
880 2678 1097 2743 Tricoriorum
1129 2674 1211 2739 fines

84 2787 229 2864 spectat,
251 2778 430 2843 imitatione
446 2779 636 2862 exprimunt.
682 2779 739 2846 Sin
755 2784 863 2844 autem
878 2779 964 2844 idem
981 2777 1210 2858 Heynaoherus

83 2881 179 2967 apud
213 2879 327 2946 Silium
356 2880 546 2945 Druentiam
580 2888 692 2947 eontra
720 2889 817 2964 atque
850 2882 934 2966 apud
967 2880 1094 2946 Livium
1127 2879 1212 2943 intra

83 2981 322 3048 Vocontiorum
345 2983 499 3047 terminos
514 2982 613 3047 fluere
629 2993 783 3061 autumat,
806 2982 903 3046 nimis
925 2979 995 3057 ‚hic’
1018 2980 1210 3067 particulam

86 3087 123 3151 in
152 3105 198 3149 ve.
220 3083 284 3150 468
304 3091 439 3167 torquet,
463 3103 545 3166 quae
568 3105 632 3149 non
655 3087 696 3149 ad
720 3104 805 3162 ‚rura
829 3083 994 3148 Vocontia'
1026 3104 1085 3149 nos
1109 3083 1210 3163 reicit,

84 3189 152 3256 sed
176 3186 296 3270 aliquid
319 3186 394 3251 novi
418 3194 600 3251 secuturum
623 3206 697 3251 esse
714 3185 837 3251 indicat
851 3195 884 3251 et
899 3188 1054 3270 temporis
1069 3186 1210 3262 notione,

85 3301 255 3372 tamquam
294 3289 337 3353 sit
373 3295 459 3368 ,tum‚
496 3286 629 3365 deinde',
666 3286 814 3372 praedita
848 3296 910 3371 est3
947 3296 983 3352 ut
1014 3288 1066 3352 bic
1096 3308 1210 3354 sensus

87 3390 229 3458 evadat:
263 3389 425 3453 Hannibal
460 3409 530 3454 cum
565 3392 732 3474 paulisper
768 3409 825 3473 per
858 3390 930 3454 loca
965 3389 1116 3472 expedita
1151 3389 1212 3455 iter

89 3491 234 3570 iecisset,
272 3500 352 3556 tum
384 3491 511 3555 subito
540 3492 570 3555 ei
607 3492 693 3558 viam
723 3491 880 3557 obstruxit
909 3491 1076 3555 Druentia.
1112 3490 1210 3557 (iuius

88 3594 184 3660 fluvii
219 3602 367 3657 naturam
405 3592 591 3657 describens
629 3595 706 3676 (ves.
743 3593 928 3675 aea-476)
970 3602 1083 3674 aperte
1127 3592 1212 3658 Livii

91 3699 130 3776 (i.
145 3696 166 3761 l.
190 3693 366 3780 §lo-12)
388 3694 533 3778 vestigiis
557 3695 687 3762 insistit.
731 3696 814 3762 Nam
837 3695 1010 3779 ,Turbidus
1032 3745 1039 3759 .
1062 3745 1068 3758 .
1092 3743 1100 3760 .
1124 3694 1210 3760 saxis

93 3848 102 3864 .
127 3847 135 3862 .
157 3795 326 3862 Druentia'
349 3805 381 3861 et
413 3794 515 3877 ,adesi
538 3795 699 3878 fragmina
721 3799 839 3864 montis
862 3849 871 3865 .
893 3847 901 3865 .
924 3846 932 3862 .
956 3795 1098 3863 volvens’
1124 3796 1211 3860 idem

94 3909 145 3964 est
167 3919 205 3964 ac
227 3896 366 3982 prosaici
394 3917 484 3976 ,saxa
512 3897 671 3977 volvens';
707 3901 854 3984 ‚Alpibus
876 3899 974 3964 ortus’
996 3926 1040 3958 =
1062 3897 1212 3981 ,Alpinus

95 3999 223 4083 amnis'3
246 4002 294 4065 Ae
315 3999 400 4064 vada
422 3999 577 4065 translato
598 4011 701 4066 mutat
722 4001 854 4068 fallacia
875 4001 980 4067 eursu’
1001 4027 1045 4061 =
1067 4000 1210 4083 pluribus

96 4101 190 4167 simul
213 4120 315 4184 neque
337 4100 441 4166 isdem
463 4101 565 4166 alveis
586 4100 700 4184 fluens,
722 4123 808 4169 nova
836 4123 964 4187 semper
991 4101 1076 4170 vada
1097 4119 1211 4166 novos·

98 4221 157 4284 que
178 4200 346 4287 gurgites'3
380 4201 462 4283 ,Non
484 4202 584 4286 pediti
614 4201 706 4268 fidus’
727 4227 770 4264 =
800 4204 912 4289 ‚pediti
938 4222 1062 4290 quoque
1088 4202 1212 4268 incerta
