2936 4718
800 337 841 402 92

259 524 490 606 cognominem,
512 523 564 607 qui
587 541 688 605 prope
703 523 888 607 Pyrenaeos
912 521 1005 586 sedes
1027 521 1172 603 habuitst)
1196 517 1382 584 transferre

259 626 371 709 potuit,
394 621 477 690 sicut
498 625 707 710 Zacynthum,
736 623 935 688 conditorem
957 623 1114 707 Zacynthi
1137 619 1302 704 insulae,²)
1333 620 1381 684 ab

259 726 379 791 illa-ad
396 728 575 808 Saguntum
599 729 656 811 (π
672 725 865 810 Ζάκυνθον)
888 726 1059 808 delegasse
1082 721 1247 808 viderunt)
1276 722 1383 786 Forte

259 829 355 892 etiam
379 827 540 893 feritatem
563 829 716 913 Bebrycis
745 849 782 893 ex
802 828 929 913 Amyci,
958 827 1044 909 regis
1073 826 1250 910 Bebrycum
1280 823 1382 886 Asia-

258 950 370 994 norum
394 929 581 996 crudelitate
596 939 758 996 mutuatus
781 930 868 1015 est.⁴)
914 929 1060 1013 Denique
1082 928 1254 1014 praecipue
1279 925 1310 988 in
1336 943 1384 988 ea

259 1031 386 1097 fabulae
402 1042 504 1117 parte,
520 1034 574 1098 ubi
588 1034 714 1117 Pyrene
729 1052 787 1118 per
801 1041 911 1099 vastas
927 1033 1027 1098 silvas
1041 1031 1150 1115 palata
1165 1049 1237 1094 esse
1248 1027 1384 1108 dicitur,

260 1134 332 1216 quia
359 1135 503 1200 excultae
534 1137 707 1201 memoriae
735 1137 951 1219 suspicionem
978 1136 1109 1218 praebet
1137 1140 1170 1197 et
1196 1128 1385 1212 comparari

258 1240 365 1317 potest
387 1256 459 1300 cum
473 1237 618 1303 Statiano
640 1238 681 1302 de
702 1239 853 1303 Psamate
872 1238 994 1321 Argiva
1016 1235 1199 1300 narratione
1216 1225 1332 1317 (Theb.
1348 1231 1385 1312 1,

260 1336 321 1401 571
346 1345 438 1420 sqq),
461 1359 543 1421 quae
567 1360 638 1404 curn
662 1341 701 1404 ab
724 1340 875 1423 Apolline
896 1338 1032 1422 gravida
1047 1339 1161 1402 Linum
1184 1332 1383 1418 peperisset,

258 1457 398 1522 poenam
422 1448 567 1505 metuens
590 1442 622 1505 in
645 1443 730 1517 ,avia
752 1444 836 1506 rura’
860 1440 1013 1523 confugit,
1037 1438 1110 1523 quid
1134 1435 1269 1521 poeticis
1285 1432 1386 1497 addi-

261 1541 411 1606 tamentis
442 1542 607 1625 debeatur,
638 1543 713 1626 quid
736 1564 753 1608 e
776 1543 915 1625 genuina
936 1543 982 1605 rei
1010 1539 1182 1604 traditione
1211 1543 1385 1618 receptum

260 1643 311 1721 sit,
335 1642 475 1707 discerni
498 1645 550 1709 vix
570 1650 686 1727 potest.
731 1645 834 1725 Certe,
864 1664 935 1707 cum
957 1642 1082 1708 Plinius
1104 1641 1175 1705 sola
1196 1639 1255 1702 illa
1276 1637 1384 1702 verba

260 1752 432 1809 extenuata
453 1748 628 1829 protulerit,
650 1767 746 1829 quam
769 1748 855 1810 viam
878 1746 977 1812 Silius
1008 1745 1040 1808 in
1069 1740 1238 1807 tractanda
1265 1737 1383 1802 fabula

259 1845 377 1924 inierit,
400 1847 445 1911 ita
466 1851 614 1932 persequi
637 1851 816 1933 nequimus,
840 1857 873 1912 ut
895 1849 965 1912 sine
981 1845 1205 1923 haesitatione,
1228 1840 1383 1924 quamvis

260 1965 312 2012 res
335 1947 377 2011 ad
401 1948 566 2015 historiam
590 1973 653 2015 non
671 1959 795 2036 spectet
817 1932 863 2028 (et
879 1950 961 2014 forte
976 1949 1015 2014 ob
1032 1947 1064 2012 id
1080 1943 1209 2030 ipsum),
1232 1942 1262 2006 ei
1278 1941 1382 2005 fidem

259 2050 371 2117 traditi
393 2051 599 2132 integerrime
622 2062 781 2120 serratam
805 2052 993 2117 tribuamus.

691 2291 746 2354 ΙΙΙ.
775 2289 952 2356 cat-629.

365 2393 561 2492 colloquium
583 2395 672 2467 loris
696 2396 730 2466 et
753 2395 901 2466 lleneria.
936 2394 1061 2464 laudes
1086 2391 1272 2464 Domitiani.

369 2534 535 2599 Postremo
567 2555 606 2600 ex
635 2537 695 2600 hoc
726 2536 806 2599 libro
829 2533 1034 2606 referendum
1056 2541 1106 2598 est
1128 2531 1320 2617 colloquium
1342 2531 1383 2596 in

263 2633 401 2720 Olympo
424 2636 577 2702 habitum.
622 2638 729 2704 Venus
753 2637 849 2719 enirn,
870 2640 1002 2701 Aeneae
1028 2643 1130 2700 mater
1152 2638 1185 2700 et
1207 2643 1299 2699 vetus
1322 2651 1385 2716 po-

262 2737 328 2821 puli
351 2737 488 2803 Romani
510 2739 624 2819 amica,
648 2749 804 2818 metuens,
828 2759 870 2803 ne
893 2738 1052 2808 excidium
1074 2737 1192 2802 Troiae
1214 2745 1383 2819 repetatur

262 2858 332 2903 curn
356 2840 435 2906 love
457 2841 602 2906 victricia
620 2843 801 2908 Poenorum
823 2842 918 2924 signa
940 2839 1143 2923 conqueritur
1157 2838 1236 2924 (vss.
1250 2837 1312 2904 557
1329 2833 1382 2900 bis

260 2940 375 3026 569).⁶)
419 2943 560 3008 Deorum
588 2953 695 3009 autern
725 2949 819 3028 pater
845 2963 918 3008 eam
940 2942 1123 3008 consolatur
1145 2940 1256 3006 dicens
1279 2959 1382 3024 popu-

262 3043 340 3124 lurn,
369 3045 421 3127 qui
447 3045 489 3109 ad
512 3054 668 3112 terrarum
690 3048 799 3111 orbem
822 3045 1032 3126 subigendum
1056 3063 1092 3108 se
1114 3045 1276 3124 accingat,
1312 3063 1382 3108 non

264 3143 389 3210 desidia
411 3146 528 3212 debere
551 3154 746 3231 torpescere,
781 3149 837 3214 sed
863 3147 957 3211 bellis
981 3145 1134 3224 exerceri,
1159 3145 1315 3230 simulque
1338 3145 1383 3210 ad

261 3247 402 3330 Paullus,
442 3249 571 3331 Fabios,
604 3249 773 3314 Marcellos
806 3248 1007 3334 prospiciens
1041 3256 1072 3311 et
1105 3246 1285 3313 vaticinans
1315 3247 1382 3312 iam
1456 3315 1457 3334 ,

262 3350 399 3416 electum
421 3369 495 3416 esse
519 3352 629 3434 virum,
652 3351 706 3435 qui
727 3351 952 3431 Hannibalem,
979 3358 1013 3414 ut
1035 3349 1068 3412 in
1091 3348 1229 3432 patriam
1250 3346 1381 3431 rediret,

369 3579 397 3650 1)
416 3576 490 3633 Cass.
509 3579 562 3634 Dio
581 3579 661 3648 frgm.
681 3580 716 3635 56
735 3575 752 3652 ξ
772 3582 788 3634 2
814 3576 950 3650 (Dindorf.
978 3579 1044 3630 tom.
1063 3581 1084 3640 Ι,
1103 3593 1129 3645 p.
1148 3575 1203 3643 88.)
1221 3573 1281 3629 ταῖν
1298 3571 1382 3630 πάλαι
1456 3557 1457 3648 J

262 3670 311 3734 μὲν
330 3665 481 3739 Bssspc'aowv,
500 3667 550 3722 νῖν
567 3664 595 3720 dd
613 3674 816 3740 Ναρβωνησίων
833 3671 889 3720 ἐστὶ
905 3664 935 3721 τί
957 3660 1110 3736 Πυρίναιον
1127 3660 1195 3734 ὅρος.

370 3757 399 3824 2)
417 3757 529 3825 Dionys,
547 3757 609 3814 Hal.
629 3758 761 3815 archaeol.
781 3757 858 3812 Rom.
877 3754 899 3822 I,
918 3756 959 3814 50.

368 3842 397 3912 3)
417 3845 464 3899 Sil.
482 3845 505 3914 Ι,
523 3847 584 3904 273.
604 3862 661 3916 sqq.

369 3931 396 4001 4)
416 3932 469 3998 Qui
493 3949 715 4004 unumquempuc,
738 3935 784 4002 qui
808 3933 952 4004 Bithyniae
977 3931 1089 4002 appulit,
1113 3931 1147 3986 ed
1170 3933 1380 4004 pugillationem

264 4021 427 4089 provocavit,
441 4021 528 4077 donec
540 4039 557 4076 a
568 4023 679 4077 Polluce
691 4025 843 4094 peremptus
857 4027 914 4077 est:
933 4021 975 4078 vd.
989 4019 1114 4090 Apollod.
1127 4021 1192 4077 bibl.
1205 4020 1226 4088 l,
1240 4038 1262 4082 c.
1275 4021 1292 4076 9
1305 4017 1323 4094 ᾖ
1336 4021 1379 4079 90.

263 4108 323 4163 Vol.
341 4106 432 4165 Flacc.
451 4110 497 4166 IV.
515 4111 550 4166 99
569 4128 624 4182 sqq.

369 4197 397 4267 5)
416 4197 451 4254 cf.
470 4199 550 4270 Vcrg.
571 4206 639 4258 Aen.
658 4200 691 4264 X,
710 4201 822 4258 16-52.
