2936 4718
255 537 430 618 inimicum,
454 546 488 603 ut
510 539 656 622 impubes
679 539 882 623 imperatoris
903 538 989 605 filins
1014 537 1189 616 lllolooho²)
1213 536 1393 602 sacrifiea-

256 650 353 722 retur,
376 641 590 724 postulantem
613 639 736 706 faoeret
758 642 817 724 (us.
841 642 904 707 770
925 649 996 724 sq.).
1039 641 1109 706 Hou
1137 647 1246 704 autem
1268 641 1295 704 si
1324 659 1391 723 po-

256 743 384 814 suisset,
414 741 591 826 poientiam
620 750 652 830 et
680 745 903 808 auctoritatem
925 741 1118 806 Hannibalis
1147 741 1206 825 (vs.
1230 743 1291 808 772
1317 745 1395 826 sq.)

256 852 289 911 et
310 863 392 927 quae
414 863 478 908 non
502 842 631 908 dubium
655 853 734 925 erat,
757 845 832 927 quin
855 852 1025 927 erupturae
1047 843 1194 920 fuissent,
1223 843 1391 909 lacrimas

256 945 467 1029 querelasque
492 944 598 1010 uxoris
621 945 774 1011 iniustum
796 947 880 1012 huno
903 946 1021 1011 uultum
1038 945 1232 1029 spernentis,
1255 945 1390 1010 malam

256 1048 405 1130 gratiam,
428 1066 511 1130 quae
535 1047 663 1130 coniugi
688 1048 727 1112 de
755 1051 861 1132 patria
882 1050 1002 1134 optime
1025 1047 1138 1112 merito
1160 1047 1391 1132 persolvatur,
1454 1121 1455 1134 χ

256 1149 433 1214 incusantis
456 1148 593 1234 denique
617 1170 652 1214 se
674 1149 778 1234 ipsam
803 1170 859 1232 pro
881 1151 1015 1233 puerulo
1037 1149 1121 1214 laete
1136 1167 1248 1214 neoem
1262 1169 1390 1233 passu-

255 1271 325 1315 ram
356 1271 429 1316 esse
455 1251 636 1335 profitentis
666 1252 727 1335 (vs.
752 1253 931 1334 lut-802)
964 1273 1028 1317 non
1065 1249 1185 1315 nullius
1221 1253 1391 1316 momenti

256 1352 297 1416 ad
320 1351 441 1417 fautum
472 1360 535 1418 tam
566 1353 696 1417 orudele
732 1354 972 1437 reprimendum
1007 1353 1114 1418 futura
1150 1352 1251 1417 luisse
1284 1357 1390 1419 reobe

256 1455 368 1520 sensit.
417 1453 522 1532 Quam
558 1457 597 1519 ob
635 1474 702 1519 rem
739 1455 934 1538 legationem
973 1455 1007 1518 iu
1038 1453 1163 1519 ltaliam
1198 1454 1238 1518 ad
1267 1467 1390 1519 castra
1454 1515 1455 1518 ,

128 1591 133 1601 ·
257 1557 379 1621 Punioa
402 1555 535 1620 missam
559 1575 631 1620 esse
655 1555 747 1620 fiuxit
770 1564 828 1631 (vs.
845 1557 929 1641 763),
958 1575 1040 1638 quae
1062 1554 1145 1638 putri
1166 1555 1317 1620 iudioiuur
1338 1559 1388 1622 de

258 1665 344 1720 sorte
366 1656 425 1720 filii
450 1655 634 1720 laciendum
650 1659 864 1724 committeret
887 1667 949 1742 (vs.
965 1657 1156 1742 803-805).
1199 1658 1233 1722 Is
1256 1667 1387 1740 autem,

257 1757 385 1823 etiamsi
408 1758 486 1823 deos
509 1777 603 1841 quam
628 1760 766 1824 maxime
788 1759 1038 1844 venerabatur²)‚
1073 1760 1264 1843 praesertim
1301 1780 1383 1825 uum
1454 1751 1455 1772 ¹

257 1861 365 1924 animo
389 1859 454 1925 iam
480 1861 692 1943 praeoiperet,
725 1871 845 1945 quauta
874 1871 907 1928 et
942 1861 1072 1946 egregia
1108 1861 1254 1929 faoinora
1289 1861 1385 1928 filius

256 1960 431 2044 aliquando
460 1961 502 2025 ad
531 1963 708 2045 potentiam
737 1964 1053 2048 Carthaginiensium
1077 1964 1259 2049 augendam
1287 1970 1386 2033 esset

257 2065 411 2146 editurus,
434 2063 505 2128 fieri
523 2084 587 2128 non
610 2067 722 2148 potuit,
743 2075 778 2130 ut
799 2067 921 2149 prolem
944 2066 1061 2132 talibus
1084 2066 1386 2150 exspeotationibus

256 2167 388 2248 dignam
411 2165 585 2250 proioeret3
620 2168 678 2230 sed
701 2169 858 2232 immenso
882 2169 1020 2233 hostium
1044 2167 1291 2234 oooideudorum
1314 2189 1384 2234 nu-

257 2287 345 2333 mero
379 2267 612 2333 reousationem
647 2269 845 2350 expiaturum
874 2289 909 2334 se
940 2289 1013 2336 esse
1034 2270 1198 2354 pollicitus
1220 2279 1270 2334 est
1291 2271 1382 2354 (vsS.

257 2369 449 2447 sos-822),
474 2376 506 2432 et
529 2368 576 2432 sio
599 2368 693 2432 simul
717 2377 763 2434 tot
777 2369 924 2435 homines
939 2391 1046 2456 pugna
1061 2372 1103 2436 ad
1114 2372 1381 2437 Trasumennum

257 2468 345 2534 facia
367 2469 514 2534 trucidati
538 2471 640 2553 magis
664 2472 788 2554 poetioe
804 2473 895 2554 quasi
908 2491 1032 2539 suorum
1049 2471 1111 2535 diis
1125 2481 1234 2537 votum
1246 2492 1380 2555 reprae-

258 2573 436 2637 sentantur.
481 2571 602 2651 Quodsi
631 2572 793 2639 Wezelius
817 2573 867 2638 De
889 2574 924 2641 C.
948 2574 1006 2641 Sil.
1029 2575 1068 2640 It.
1090 2594 1161 2639 oum
1197 2575 1274 2640 font.
1307 2583 1378 2639 tum

186 2738 188 2742 ,
258 2673 393 2757 exempl.
416 2695 444 2757 p.
466 2675 509 2739 20
542 2674 574 2738 in
602 2674 691 2739 nullo
720 2676 856 2740 fontium
885 2696 905 2740 a
930 2676 1011 2742 Silio
1038 2676 1251 2742 adhibitorum
1275 2676 1379 2742 ullum

257 2796 413 2859 apparere
437 2776 615 2859 vestigium,
638 2777 721 2859 quod
744 2777 786 2841 ad
807 2797 929 2843 morem
952 2778 1042 2842 illum
1055 2778 1209 2843 Punioum
1229 2779 1378 2845 homines

257 2878 318 2943 diis
339 2878 501 2942 maotandi
522 2877 635 2943 referri
658 2879 770 2962 possit,
793 2888 921 2963 praeter
942 2899 1070 2945 versum
1094 2881 1205 2958 ,Poeni
1227 2900 1303 2946 suos
1325 2902 1378 2946 so-

258 2979 307 3043 liti
330 2980 379 3044 dis
402 2979 585 3044 saorifiuare
607 2978 737 3064 puellos'
764 2981 862 3046 Ennii
886 2985 974 3065 (aun.
998 2982 1083 3055 VIIl,
1099 2983 1162 3048 278
1177 2982 1286 3067 Vahl)
1301 3003 1378 3047 oon-

257 3080 371 3161 teudit,
394 3101 490 3164 quem
513 3083 585 3147 ideo
608 3083 744 3147 eandem
768 3105 806 3148 ao
822 3084 937 3151 Silium
960 3084 1178 3149 narrationem
1201 3085 1378 3166 delegatis

257 3182 299 3248 ad
322 3182 536 3247 Hannibalem
559 3186 667 3249 missis
690 3185 860 3251 annalibus
891 3187 958 3251 suis
981 3185 1155 3251 intermisse
1178 3187 1246 3252 veri
1269 3187 1379 3252 simile

258 3304 332 3350 esse
360 3289 519 3365 autumat,
553 3294 585 3350 et
614 3286 840 3370 Heynaoherus
874 3289 992 3370 (progr.
1019 3307 1051 3371 p.
1073 3287 1124 3368 25,
1158 3287 1240 3353 eof.
1264 3308 1295 3372 p.
1318 3289 1379 3373 68)

258 3389 342 3452 hano
364 3387 580 3452 uonieoturam
603 3387 698 3451 avide
724 3389 866 3472 arripuit,
900 3391 932 3453 in
958 3409 1079 3454 merum
1101 3408 1241 3454 errorem
1266 3390 1378 3473 illapsi

257 3501 341 3555 suut.
386 3489 516 3553 Praeter
541 3489 627 3553 euim
651 3491 739 3554 looos
762 3499 926 3556 auctorum
951 3493 1145 3558 Graecorum
1169 3491 1257 3557 velut
1280 3492 1376 3557 Diod.

256 3591 326 3670 XX,
351 3592 400 3670 14,
415 3588 544 3673 4sqq.⁸)
567 3591 740 3656 immanem
764 3592 852 3656 illam
866 3592 1182 3676 Carthaginiensium
1206 3602 1376 3658 consuetu·

258 3692 368 3758 diuem
389 3702 616 3758 commemorat
638 3701 670 3758 et
686 3694 820 3759 Darium
843 3683 914 3759 eam
937 3697 1079 3762 vetuisse
1102 3704 1213 3760 narrat
1227 3695 1375 3760 lustinus

365 3939 393 4003 1)
413 3937 445 3996 of.
466 3939 497 3993 de
515 3940 567 3994 hau
587 3955 615 3994 ra
633 3936 763 3995 Dnnoltor
781 3938 878 4000 desub,
898 3941 924 3998 d.
944 3941 1114 3997 Alterihu'ms
1132 3939 1166 4004 li,
1185 3958 1211 4012 p.
1230 3941 1291 3997 361.

365 4025 393 4097 2)
412 4025 539 4082 Ceterum
557 4029 629 4082 hano
647 4027 812 4084 Hannibalis
832 4029 965 4099 pietatem
983 4028 1066 4085 Silius
1084 4029 1106 4094 l,
1124 4029 1160 4085 68
1178 4032 1334 4097 negaverat.

255 4147 258 4154 .
364 4114 391 4185 3)
410 4116 481 4171 Looo
501 4132 602 4186 eorum,
621 4118 669 4186 qui
687 4117 764 4172 ouedi
781 4118 912 4174 destinati
931 4122 1014 4182 erant,
1037 4117 1172 4174 interdum
1191 4119 1259 4173 alios
1277 4132 1373 4187 pueros

258 4203 382 4259 subditos
402 4221 470 4270 esso,
490 4202 611 4260 referunt
630 4204 708 4259 Diod.
728 4207 764 4264 ib.
784 4210 813 4260 ot
830 4207 879 4262 Sil.
898 4205 959 4274 XV,
977 4207 1031 4261 464
1049 4223 1089 4276 sq.
