2936 4718
764 331 804 394 10

128 491 138 510 ’
227 513 321 578 simul
343 517 462 597 optima
484 513 525 578 ad
547 513 663 580 Silium
686 512 923 580 aestimandum
938 522 1110 598 praecepta
1126 515 1342 595 continentur,

223 615 349 699 paginis
371 615 579 695 bod-512¹)
610 619 743 684 Prorsus
769 635 897 693 novum,
920 615 1034 682 Silium
1059 617 1153 699 quasi
1167 617 1342 700 imaginem

222 718 512 786 vetustissimorum
527 721 693 785 annalium
708 721 899 802 scriptorum
915 718 1201 803 repraesentaret),
1216 719 1343 786 invenit

225 819 530 904 Heynacherns.
583 823 615 888 ls
653 823 740 888 enim
776 821 898 887 duobus
933 819 1069 898 libellis,
1113 821 1342 887 dissertatione

223 921 359 987 ienensi
381 923 497 997 ‚Ueber
519 924 571 988 die
592 925 729 1003 Quellen
753 923 810 988 des
833 923 933 989 Silius
956 921 1098 988 Italicus'
1120 922 1222 988 erster¹
1243 923 1340 988 Theil

223 1023 334 1109 (Ilfeld
365 1024 462 1110 1874)
498 1034 530 1090 et
557 1035 793 1111 programmate
820 1024 949 1090 scholae
979 1024 1215 1091 monasterialis
1241 1026 1341 1090 Ilien-

224 1127 333 1191 densis
354 1127 569 1205 (Nordbusiae
595 1128 700 1211 1877).
744 1128 817 1202 ,Die
841 1127 990 1209 Stellung
1012 1127 1070 1193 des
1093 1126 1189 1193 Silius
1205 1127 1339 1194 ltalicus

223 1236 317 1292 unter
345 1228 404 1319 den
429 1230 563 1308 Quellen
592 1250 663 1295 zum
694 1230 830 1294 zweiten
857 1229 1036 1311 punischen
1065 1228 1186 1310 Krieg’,
1221 1229 1254 1293 in
1278 1248 1339 1312 quo

224 1341 449 1414 argumentum
485 1332 720 1396 dissertationis
750 1333 791 1395 ad
821 1339 968 1414 quattuor
994 1332 1115 1414 primos
1139 1331 1210 1396 Silii
1241 1331 1338 1396 libros

223 1427 387 1516 pertinens
411 1434 522 1516 paucis
546 1436 676 1498 mutatis
700 1435 816 1499 iterum
839 1432 1055 1500 excudendum
1078 1433 1202 1498 curavit
1217 1441 1249 1497 et
1264 1452 1337 1497 oon·

223 1535 371 1613 tinuerit,
393 1537 543 1600 evincere
567 1535 673 1600 studet
696 1537 811 1602 Silium
834 1554 962 1618 semper
985 1556 1005 1599 a
1027 1535 1120 1600 Livio
1143 1534 1338 1618 discrepare,

223 1637 277 1702 ubi
300 1637 328 1702 is
351 1656 421 1702 cum
445 1637 576 1721 Polybio
600 1638 651 1702 vel
676 1635 786 1702 Coelio
809 1637 921 1715 Sileni,
945 1638 998 1718 qui
1021 1636 1054 1701 in
1071 1636 1264 1702 Hannibalis
1287 1657 1338 1702 ca·

223 1739 298 1803 stris
320 1738 360 1803 de
385 1737 467 1802 bello
490 1739 612 1803 Punico
636 1740 776 1804 secundo
800 1738 939 1821 scripsit,
962 1737 1101 1819 vestigia
1121 1739 1337 1821 prementibus

223 1839 414 1919 consentiat,
444 1849 476 1904 et
505 1841 536 1904 in
565 1841 605 1906 iis
627 1848 752 1907 tantum
773 1841 916 1926 partibus
939 1859 1011 1904 cum
1034 1847 1164 1904 auctore
1186 1840 1337 1907 librorum

222 1943 260 2007 ab
283 1943 360 2006 urbe
382 1941 512 2006 condita
534 1962 718 2026 congruere,
742 1944 774 2007 iu
796 1944 911 2026 quibus
933 1944 961 2008 is
985 1941 1150 2006 annalium
1166 1942 1337 2024 scriptores

221 2045 267 2108 nil
297 2044 360 2108 nisi
383 2063 435 2108 res
457 2045 620 2110 Romanas
643 2045 790 2111 laudibus
814 2046 986 2111 efferentes
1008 2044 1060 2109 rel
1084 2043 1246 2124 Coelium,
1284 2043 1337 2107 ubi

221 2149 346 2231 etipse
368 2148 530 2212 Romanos
557 2150 693 2213 annales
720 2156 795 2212 ante
818 2148 926 2212 oculos
949 2146 1103 2224 habuerit,
1134 2155 1261 2208 secutus
1284 2145 1335 2208 sit.

220 2250 263 2313 Et
285 2251 360 2333 quia
383 2251 512 2313 doctum
534 2247 635 2312 fuisse
658 2249 773 2314 Silium
796 2247 919 2313 Plinius
943 2247 1119 2322 tradiderit,
1142 2244 1209 2310 veri
1230 2243 1336 2308 simile

221 2370 293 2416 esse
326 2358 433 2432 putat,
470 2368 543 2413 enm
573 2349 768 2432 antiquiores
797 2370 891 2432 quam
914 2350 1041 2415 Livium
1064 2348 1236 2431 scriptores
1259 2365 1336 2411 cou-

210 2451 361 2516 suluisse
386 2451 504 2534 (progr.
525 2470 556 2533 p.
579 2450 614 2536 2)
639 2450 762 2516 iontem
788 2471 864 2516 vero
889 2452 1069 2516 babendum
1089 2470 1161 2516 esse
1186 2449 1336 2534 aliquem,

140 2552 141 2556 ’
222 2553 275 2637 qui
297 2552 534 2617 cunctationem
558 2561 701 2634 senatus,
738 2555 827 2618 cuius
850 2555 969 2619 Fabius
993 2563 1102 2619 auctor
1124 2553 1194 2633 luit,
1222 2551 1336 2617 defen-

221 2655 304 2720 derit
327 2660 368 2732 (e.
390 2674 421 2736 g.
437 2653 564 2720 dissert.
580 2675 608 2737 p.
625 2657 682 2738 20)
704 2656 861 2740 simulque
878 2657 1048 2739 Scipiones
1063 2653 1212 2720 laudibus
1228 2673 1335 2718 cumu-

221 2756 344 2821 laverit.
388 2756 499 2839 ltaque
528 2756 568 2820 de
591 2756 697 2822 Ennio
727 2759 847 2840 cogitat
870 2758 1054 2842 Scipionum
1077 2756 1245 2837 familiari,
1280 2757 1337 2839 qui

221 2858 358 2940 gloriam
369 2857 543 2923 Fabiorum
554 2857 697 2923 historiis
713 2859 805 2924 Fabii
820 2860 956 2924 Pictoris
972 2857 1151 2943 traditam⁸l
1168 2867 1200 2924 et
1212 2859 1335 2941 Scipio·

327 3118 353 3188 1)
378 3118 456 3173 Hanc
487 3122 740 3176 commentationem
770 3121 980 3190 Sieglinius,
1014 3124 1061 3194 qui
1087 3123 1115 3177 in
1145 3123 1334 3180 dissertatione

219 3208 355 3278 Lipsiensi
377 3208 538 3275 anni21878
566 3209 637 3276 (,Die
662 3207 840 3278 chronologia
864 3211 910 3266 der
933 3213 1108 3281 Belegerung
1132 3230 1184 3267 von
1209 3210 1334 3280 Sagunt')

221 3299 315 3350 eontra
333 3293 439 3363 Polybii
457 3297 621 3351 relationem
641 3297 792 3367 Saguntum
817 3317 886 3354 anno
905 3301 957 3356 218
976 3319 1000 3355 a.
1019 3300 1084 3356 Chr.
1103 3319 1129 3355 n.
1149 3303 1288 3356 obsessum
1308 3303 1336 3354 et

219 3386 404 3453 expugnatum
428 3400 487 3438 esse
512 3402 560 3456 pro
586 3387 735 3441 certissimo
760 3389 851 3455 habet,
878 3391 1021 3458 ignorasse
1050 3390 1165 3457 videtur,
1196 3407 1257 3445 cum
1280 3405 1335 3443 non

218 3471 295 3526 modo
320 3489 345 3542 p.
364 3472 399 3526 28
424 3487 463 3541 sq.
500 3472 615 3528 Wezelii
637 3478 806 3543 argumentis
830 3479 907 3548 quasi
928 3479 1013 3534 firmis
1038 3479 1153 3544 nitatur,
1181 3479 1229 3533 sed
1253 3479 1335 3533 etiam

219 3577 250 3614 ex
275 3559 378 3614 Siliana
402 3558 523 3629 Sagunti
551 3563 748 3619 circumvallati
772 3565 953 3636 descriptione
977 3569 1010 3622 de
1032 3567 1122 3622 Ennio
1153 3567 1335 3622 coniecturam

218 3648 323 3702 faciens
342 3650 371 3701 et
383 3646 447 3702 Silii
465 3649 497 3702 de
513 3649 668 3707 Hannibale
680 3651 769 3710 Gades
788 3656 976 3724 proficiscente
994 3659 1177 3712 narrationem
1196 3671 1227 3708 ex
1245 3653 1334 3708 Ennio

217 3735 390 3790 derivandam
414 3752 473 3791 esse
499 3739 625 3808 opinatus
644 3740 682 3810 (p.
702 3742 748 3810 34)
768 3744 830 3798 inde
849 3744 975 3799 confusae
999 3745 1094 3800 harum
1113 3758 1202 3796 rerum
1221 3742 1334 3798 chrono-

217 3824 306 3892 logiae
325 3823 459 3892 originem
476 3830 582 3896 repetat
600 3827 646 3898 (ef.
665 3845 690 3898 p.
709 3830 745 3884 33
763 3829 815 3900 sq.)

324 3914 351 3978 2)
371 3910 405 3966 oi.
423 3911 621 3970 dissertationis
639 3932 699 3970 mox
718 3919 842 3974 oimndae
861 3939 887 3990 p,
906 3922 949 3989 31,
968 3937 1059 3993 progr.
1079 3940 1104 3992 p.
1124 3923 1166 3986 68,
1186 3923 1235 3983 Nr.
1253 3926 1280 3981 8.

227 4039 229 4046 .
324 3999 352 4070 3)
371 3999 425 4055 Sed
442 4000 484 4054 ud.
504 4001 660 4074 Schwegler
677 4006 742 4061 hist.
759 4007 836 4065 Rom.
855 4008 877 4077 I,
897 4029 922 4081 p.
940 4011 976 4067 86
999 4011 1041 4077 ,ob
1052 4029 1082 4066 er
1099 4011 1230 4084 (Ennius)
1249 4013 1334 4068 sehon

218 4089 266 4143 das
284 4087 518 4145 Gesehichtswerlr
536 4091 583 4147 des
595 4093 696 4148 Fabius
714 4095 868 4162 gebraucht
885 4099 954 4153 hat?
973 4099 1010 4153 Es
1028 4100 1091 4155 sind
1109 4101 1234 4158 hierliber
1252 4101 1332 4154 kaurn

217 4178 445 4247 Mutmassungen
459 4179 597 4248 milglich'.
