2908 4724
754 343 814 408 112

222 527 278 591 der
310 547 412 610 opaca
445 527 618 610 Sychaeus’
652 527 818 609 coniungit
850 527 988 592 Liviana
1021 527 1141 610 (XXII,
1176 548 1206 592 c.
1232 529 1255 592 4
1281 529 1352 609 gb)

223 628 378 711 ,Baliares
401 637 601 712 ceteramque
623 629 727 695 levem
752 639 946 694 armaturam
971 637 1043 712 post
1065 629 1193 694 montis
1221 631 1353 696 eircum-

223 730 346 793 ducit’
383 739 415 793 et
451 731 585 813 ,equites
617 730 659 794 ad
695 732 783 815 ipsas
823 731 962 795 fauces
998 730 1099 796 saltus
1140 779 1186 796 ..
1215 780 1224 794 .
1262 731 1355 797 locat*

224 827 349 896 etiamsi
372 831 456 913 apud
472 831 597 896 Livium
621 832 671 897 his
695 834 801 898 verbis
824 833 953 898 diversa
976 832 1253 915 significantur.¹)
1286 830 1357 895 Dis·
1431 908 1432 919 χ

222 933 339 1015 positio
351 933 514 1017 copiarum
528 936 644 1012 autem,
657 954 789 1018 quorum
805 936 903 1000 duces
919 935 1101 1017 Choaspem
1116 944 1152 999 et
1165 934 1356 1018 Sychaeum
1432 954 1433 1028 q

223 1033 349 1100 effictos
365 1055 438 1099 esse
453 1055 551 1119 sopra
567 1039 635 1119 (pp.
650 1037 692 1102 58
708 1045 740 1101 et
754 1036 809 1120 60)
825 1037 1053 1116 demonstravi,
1075 1057 1140 1102 nou
1160 1056 1278 1100 rerum
1295 1053 1358 1100 me·
1432 1035 1433 1040 ’

224 1135 341 1202 moriae
365 1136 422 1201 sed
445 1137 615 1202 imitationi
639 1137 773 1220 Vergilii
796 1139 938 1218 debetur,
969 1143 1002 1204 et
1027 1138 1159 1221 quidem
1195 1138 1356 1202 maiorem

223 1237 465 1304 similitudinem
490 1259 559 1304 cum
584 1240 655 1304 loco
678 1239 813 1304 Aeneid.
836 1239 892 1320 XI,
914 1241 977 1307 463
1000 1239 1097 1323 sqq.²)
1121 1259 1208 1322 prae
1234 1258 1273 1304 se
1296 1237 1357 1300 lert

223 1359 318 1423 quam
336 1361 406 1405 cum
424 1342 569 1406 versibus
584 1341 769 1424 aRupertio
782 1341 931 1407 indicatis
942 1340 1166 1426 (ib.515sqq.).
1194 1343 1236 1406 Iu
1249 1341 1317 1404 line
1330 1338 1355 1400 si

226 1443 355 1506 Poenus
376 1443 493 1526 legatis
517 1463 556 1507 ex
578 1444 683 1526 patria
705 1445 782 1507 urbe
797 1444 906 1509 missis
923 1443 1013 1507 dicit:
1037 1450 1237 1526 exspectent
1254 1441 1355 1505 victo

223 1546 304 1607 riam
328 1554 359 1608 et
381 1544 498 1608 deinde
525 1545 654 1610 domum
684 1546 839 1626 nuntient,
869 1545 1013 1609 meminit
1045 1545 1127 1609 forte
1164 1551 1273 1628 poeta
1310 1542 1354 1605 le-

224 1645 376 1727 gationis
399 1665 496 1728 quam
518 1646 687 1715 Hannibal,
712 1646 763 1710 ubi
788 1647 924 1731 primum
947 1647 1046 1711 maris
1069 1646 1146 1710 litus
1163 1645 1294 1728 attigit,
1314 1642 1351 1705 ad

223 1747 376 1811 victorias
407 1767 483 1812 suas
514 1747 728 1830 divulgandae
751 1749 816 1813 Pol.
838 1749 898 1825 111,
927 1769 952 1812 c.
975 1748 1015 1813 87
1045 1749 1180 1830 §dsq
1214 1745 1352 1812 Cartba-

223 1849 332 1930 ginem
356 1851 451 1915 misit.

609 1997 645 2076 V,
669 1997 761 2061 1-6.
805 1996 960 2061 24-343.

385 2101 495 2187 Puuna
518 2103 558 2171 act
582 2101 839 2172 Trasumennum
863 2099 967 2171 lacum
991 2097 1180 2168 commissa.

330 2221 476 2288 Tandem
500 2222 541 2286 ad
565 2230 746 2287 reservatas
777 2221 849 2286 libri
873 2218 976 2303 quinti
1005 2227 1114 2301 partes
1143 2219 1351 2283 accedimus:
1412 2263 1414 2270 .

225 2322 315 2389 euius
339 2323 429 2388 initio
452 2343 562 2387 rursus
584 2323 794 2388 indeorditur
815 2333 921 2405 poeta,
949 2330 983 2385 ut
1006 2321 1093 2384 dicat
1114 2319 1218 2384 colles
1233 2319 1351 2382 Etrus·

225 2443 280 2487 cos
313 2424 352 2486 ab
381 2422 563 2487 Hannibale
586 2433 755 2506 occupatos
783 2443 866 2488 esse.
910 2424 994 2487 Hinc
1019 2422 1047 2486 si
1074 2420 1193 2487 adiecit
1226 2423 1295 2505 (vs.
1320 2415 1351 2496 4)

226 2524 351 2615 ‚laeva
374 2525 474 2606 parte’
497 2525 599 2590 lacum
622 2535 802 2608 stagnasse,
823 2525 982 2590 immerito
999 2525 1058 2588 viri
1074 2524 1159 2589 docti
1183 2509 1348 2605 ,dextra’

225 2626 408 2708 postulasse
433 2627 510 2691 mihi
534 2627 692 2692 videntur.
720 2627 802 2693 Nam
826 2636 947 2690 tautum
972 2629 1073 2704 abest,
1090 2635 1124 2690 ut
1145 2627 1231 2708 quod
1248 2623 1347 2690 colles

224 2728 277 2805 lV,
294 2729 357 2793 824
377 2729 509 2804 ,laevi’
531 2729 608 2794 dicti
629 2739 712 2810 sunt,
734 2733 795 2794 hoc
817 2747 886 2792 oum
912 2733 1021 2794 nostro
1047 2729 1117 2793 loco
1140 2737 1277 2811 pugnet,
1303 2731 1345 2797 ut.

225 2831 253 2894 si
276 2849 301 2892 e.
324 2851 353 2911 g.
369 2831 584 2896 Hannibalem
608 2853 628 2894 a
653 2831 786 2896 meridie
808 2831 937 2897 collium
960 2831 1213 2913 septentrionem
1231 2844 1344 2895 versus

226 2933 311 2996 lacui
341 2935 557 3017 oppositorum
588 2943 619 2998 et
645 2932 839 2998 occidentali
869 2932 957 2998 lacus
988 2933 1081 2996 litore
1111 2933 1143 2996 in
1175 2929 1345 3014 angustias

224 3045 423 3116 penetrasse,
446 3034 563 3098 deinde
590 3043 695 3098 autem
726 3035 833 3098 fronte
861 3054 956 3101 versa
986 3033 1172 3099 consedisse
1200 3028 1343 3116 posueri·
1432 3039 1433 3050 ¹

225 3153 309 3212 mus,
337 3135 434 3199 iidem
465 3135 574 3214 colles,
603 3155 681 3219 quos
712 3146 787 3201 ante
820 3135 859 3200 ad
886 3137 1053 3201 sinistram
1084 3155 1212 3200 manum
1242 3129 1343 3199 Poeni

227 3237 418 3314 babuerunt.
456 3237 497 3301 ad
528 3237 681 3318 dextram,
716 3238 806 3301 lacus
839 3257 914 3302 vero
952 3237 992 3302 ad
1020 3239 1149 3301 laevum
1186 3237 1238 3302 siti
1269 3236 1342 3301 sint.
1432 3239 1433 3242 ’

225 3339 353 3403 Deinde
370 3339 396 3404 si
413 3339 444 3403 in
469 3359 516 3404 vs.
531 3341 573 3406 95
594 3339 691 3404 etiam
708 3340 861 3404 Romanis
885 3358 968 3422 aqua
991 3340 1035 3404 ad
1060 3340 1216 3404 laevam
1241 3337 1341 3404 fuisse

226 3441 353 3519 dicitur,
376 3461 433 3506 eos
455 3462 475 3505 a
496 3441 631 3507 meridie
655 3449 687 3506 et
708 3441 858 3506 orientali
888 3442 982 3506 litore
1007 3441 1039 3504 in
1064 3441 1230 3526 planitiem
1255 3457 1340 3506 mon-

226 3542 309 3606 tibus
333 3543 576 3608 circumclusam
600 3543 733 3626 illapsos
756 3563 829 3608 cese
851 3543 1030 3626 putandum
1052 3543 1123 3606 erit.
1162 3544 1254 3623 Quae
1270 3557 1341 3607 cum

333 3750 359 3820 1)
380 3751 420 3809 vd.
441 3751 575 3806 Woelfflin
595 3750 656 3805 adl
684 3768 707 3805 c.
726 3781 762 3790 -
780 3751 924 3806 Praeterea
943 3749 1115 3806 conferantur
1141 3749 1222 3814 ,Hinc
1240 3751 1340 3820 paritor
1432 3813 1433 3828 2

227 3853 318 3908 rupes,
337 3839 413 3893 lucus
432 3839 504 3896 hinc.
523 3841 588 3895 hinc
606 3857 681 3894 arma
693 3839 830 3911 simulque
843 3839 970 3894 Consono
987 3857 1036 3894 vox
1055 3839 1097 3906 (=
1119 3841 1244 3905 ,clamore
1264 3835 1336 3894 undi-

226 3940 279 3995 que
297 3924 365 3980 orbo*
385 3925 442 3983 Liv.
461 3927 592 3997 xx11,4‚
623 3928 686 3997 ξ’ἰ)
710 3928 797 3997 urgut'
821 3927 880 3998 (Sil.
899 3929 930 3992 V,
951 3929 1003 3984 198
1023 3927 1075 3999 sq.)
1101 3932 1129 3983 et
1147 3928 1201 3993 ,ubi
1220 3927 1254 3982 ab
1272 3928 1335 3982 lube-

227 4015 302 4068 ribus
321 4018 425 4070 montes
444 4033 476 4070 so
493 4017 578 4081 lucus,
604 4033 620 4070 n
641 4017 730 4072 fronto
756 4021 785 4071 ot
803 4019 837 4071 sb
855 4021 932 4086 tergo
957 4019 1076 4072 hostium
1099 4017 1170 4072 scies
1187 4010 1336 4070 clandobut'

227 4101 297 4171 (biv¹
317 4101 402 4167 uult,
423 4121 445 4162 o.
467 4106 492 4169 5,
512 4111 527 4172 ξ
546 4105 581 4175 6)

334 4189 361 4258 2)
380 4189 411 4248 ci.
432 4194 514 4248 utiam
535 4193 583 4249 Sil.
602 4193 661 4258 xn,
681 4195 732 4248 172
752 4209 809 4262 sqq.
