2908 4724
734 351 794 418 126

203 538 268 604 nisi
291 537 375 621 qnod
397 555 493 602 sonus
515 536 662 602 vocabuli
692 537 826 601 Latinae
857 535 986 618 linguae
1014 536 1119 619 magis
1147 535 1327 623 adaptatae

204 648 263 716 est,
292 641 425 722 petitum
454 657 527 704 esse
543 657 593 702 ex
621 639 699 704 urbe
721 638 844 722 Libyae
873 636 1046 716 interioris,
1075 657 1157 721 qnae
1180 637 1326 726 Βάγαζα

202 763 222 806 a
257 741 443 826 Ptolemaeo
472 741 527 819 IV,
556 741 586 822 6,
628 744 649 821 ξ
683 741 703 806 6
743 739 936 824 appellatur.
1002 739 1102 805 Libo
1140 743 1201 826 (vs.
1232 746 1324 830 411),

105 862 107 866 ·
202 863 230 910 e.
265 864 295 924 g.
339 841 371 906 in
414 847 512 924 gente
555 842 791 908 Scriboniorum
834 841 975 906 crebrius
1016 850 1079 919 est,
1140 864 1234 928 quam
1287 857 1325 914 nt

203 945 359 1029 exemplis
409 943 565 1009 illustrari
610 943 733 1009 debeat.
805 942 954 1029 Othrys
1002 945 1061 1028 (νε.
1103 946 1190 1032 437),
1232 951 1322 1032 quod

200 1065 317 1112 nomen
347 1066 368 1110 a
396 1054 471 1111 noto
502 1046 558 1110 illo
588 1045 781 1111 Thessaliae
807 1053 915 1112 monte
941 1057 1103 1114 mutuatus
1130 1050 1229 1116 Silius
1264 1051 1321 1118 ho-

200 1148 319 1214 minem
343 1149 511 1213 barbarum
533 1148 672 1231 ingentis
688 1146 914 1230 horribilisque
929 1148 1051 1232 figurae
1073 1151 1136 1233 (vs.
1152 1154 1216 1218 434
1231 1156 1319 1239 sqq.)

199 1251 372 1334 designare
412 1250 530 1330 veluit,
574 1249 840 1316 consuetudinem
879 1250 1039 1334 poeticam
1084 1254 1214 1337 saepius
1250 1257 1318 1321 iam

199 1351 345 1434 tacram1)
369 1353 520 1435 sequitur.
564 1352 614 1416 De
636 1351 816 1416 Murrani
839 1352 978 1434 nomine,
1001 1373 1040 1419 ex
1062 1373 1156 1419 versu
1179 1358 1241 1423 172
1264 1377 1317 1422 re-

195 1455 329 1536 petitum
366 1473 413 1518 vs.
449 1454 529 1525 461,
565 1473 664 1536 supra
691 1472 721 1536 p.
756 1454 816 1518 108
853 1462 958 1520 actum
989 1464 1047 1520 est.
1097 1456 1316 1525 Tauranus

197 1555 334 1639 denique
357 1555 418 1639 (νε.
440 1557 527 1636 472),
550 1555 612 1620 ε1εἰ
633 1554 711 1619 alibi
734 1575 754 1618 a
774 1574 825 1621 mo
854 1576 916 1622 non
956 1567 1117 1641 repertum
1153 1568 1212 1637 est,
1249 1582 1315 1627 non

197 1675 321 1733 vereor,
356 1677 399 1721 ne
425 1676 491 1721 non
521 1665 606 1722 recte
635 1655 805 1722 formatum
831 1657 883 1734 ε11,
906 1676 1097 1742 quamquam
1127 1659 1316 1742 Taurinum,

195 1759 281 1844 quod
303 1779 331 1824 v.
356 1779 383 1824 e.
408 1765 513 1824 exstat
535 1759 568 1824 0.
589 1760 613 1824 Ι.
637 1759 673 1825 L.
689 1760 729 1836 Il,
752 1761 845 1826 2960.
869 1758 926 1835 ΙΙΙ,
940 1759 1034 1826 4439.
1061 1761 1098 1840 V,
1117 1764 1199 1829 1119
1213 1784 1314 1849 saep„

196 1860 424 1926 emendatione
447 1862 615 1926 restituere
636 1863 848 1944 propinquum
872 1869 928 1926 cst.

631 2050 671 2130 v,
693 2045 871 2114 osc-cca.

300 2165 385 2230 Dum
408 2167 507 2232 Poeni
536 2178 693 2234 mortuum
716 2168 897 2254 Sychaeum
931 2166 1035 2250 clipeo
1063 2169 1248 2252 impositum
1277 2173 1309 2236 in

194 2277 298 2334 castra
321 2279 486 2352 reportant
507 2269 566 2354 (νε.
590 2271 654 2336 584
675 2270 746 2352 sq),
768 2269 930 2333 Hannibal
953 2270 1010 2334 tali
1033 2279 1163 2354 aspectu
1186 2293 1311 2339 summo

193 2369 300 2433 lurore
329 2388 484 2436 accensus
513 2376 574 2447 (νε.
601 2373 663 2436 603
692 2372 771 2455 sqq.)
804 2371 968 2436 consulem
1003 2373 1108 2456 ipsum
1134 2374 1215 2456 petit
1244 2377 1312 2457 (νε.

192 2471 253 2534 607
276 2471 352 2554 sq.)3
387 2473 440 2552 qni
473 2491 544 2538 cum
572 2491 632 2537 nec
659 2472 730 2556 ipse
749 2472 890 2538 oblatam
913 2474 1070 2539 caedendi
1092 2475 1193 2540 hostis
1214 2496 1309 2559 spem

192 2580 319 2636 recuset
342 2571 400 2654 (νε.
423 2575 484 2639 608
510 2577 582 2658 sd),
609 2592 660 2640 res
683 2575 747 2640 ianr
769 2575 802 2638 in
827 2593 865 2639 eo
888 2584 947 2656 est,
977 2586 1010 2640 ut
1038 2578 1141 2656 ambo,
1168 2578 1209 2642 ad
1239 2597 1307 2643 cer·

191 2683 298 2743 tamen
322 2677 487 2760 singulare
510 2676 625 2760 parati,
649 2677 710 2741 sihi
725 2677 852 2744 obviam
867 2685 943 2741 eant
964 2679 1025 2759 (νε.
1041 2680 1103 2745 609
1118 2680 1188 2763 sq).
1220 2680 1307 2760 Quia

189 2798 266 2844 vero
292 2779 486 2845 Flaminium
515 2798 579 2844 non
606 2779 646 2843 ah
670 2777 852 2843 Hannibale
876 2778 1078 2844 interiectum
1106 2800 1179 2846 esse
1207 2782 1305 2848 Silius

190 2880 298 2956 scivit,
332 2889 437 2946 terrae
473 2889 575 2961 motu,
612 2900 703 2964 quem
741 2880 968 2962 gravissimum
1002 2901 1130 2964 pugnae
1159 2895 1304 2968 ternpore

188 2981 346 3046 accidisse
369 3005 388 3047 a
411 2983 503 3048 Livio
534 2982 576 3068 (c.
600 2984 620 3049 5
646 2982 723 3063 §St
749 2990 919 3064 acceperat
947 2983 1099 3066 cuiusque
1128 2986 1302 3068 imaginem

188 3086 250 3168 (νε.
272 3085 332 3148 611
357 3093 441 3166 squ)
464 3083 629 3149 Ciceronis
651 3092 684 3149 et
704 3082 801 3148 Plinii
825 3084 904 3149 loeis
935 3087 974 3150 ab
997 3086 1171 3152 editoribus
1195 3088 1302 3156 citatis

187 3186 347 3269 complere
369 3186 482 3269 potnit,
506 3187 552 3249 ita
572 3204 650 3250 usus
672 3194 736 3266 est,
765 3193 799 3250 ut
827 3185 1027 3254 adversarios
1056 3197 1232 3256 certaturos
1261 3211 1300 3256 eo

185 3287 362 3371 diremptos
395 3287 503 3351 iaciat.
547 3286 629 3364 Quid
662 3295 770 3352 autern
804 3287 1041 3371 discrepantiae
1067 3290 1300 3375 Heynachorus

185 3389 405 3456 observaverit
430 3397 485 3452 aut
513 3387 589 3470 quid
618 3388 679 3452 sibi
705 3388 851 3468 voluerit,
880 3410 952 3455 cum
974 3390 1089 3456 Silium
1111 3393 1200 3457 illum
1225 3413 1298 3462 eon·

183 3509 311 3556 cussum
345 3489 567 3574 pinguissimis
601 3488 760 3555 coloribus
782 3490 965 3575 depinxisse
993 3499 1149 3560 statueret
1175 3493 1297 3579 (progr.

181 3610 211 3674 p.
233 3592 285 3674 27,
307 3612 355 3658 εν.
378 3594 443 3675 10),
465 3591 586 3657 nescio.
631 3590 724 3656 Certe
753 3591 799 3656 nil
828 3592 942 3675 reliqui
970 3592 1115 3676 fecisset,
1147 3596 1175 3661 si
1198 3597 1297 3664 etiam

180 3691 223 3772 ia,
246 3694 331 3776 quod
353 3715 374 3758 a
396 3702 505 3760 nostro
529 3714 575 3759 νε.
598 3695 661 3760 616
683 3693 859 3778 ‚dissiliens
881 3694 985 3760 tellns’
1008 3697 1199 3778 nominatur,
1222 3717 1294 3764 cum

181 3793 327 3858 Zonarae
340 3795 501 3861 locutione
512 3795 619 3862 πολλὰ
631 3796 665 3860 di
683 3798 739 3861 καὶ
752 3799 817 3862 τῶν
834 3793 920 3883 ὀρῶν
935 3845 942 3861 .
958 3847 964 3860 .
989 3799 1110 3883 διέσχε
1125 3800 1226 3883 (VIII,
1237 3801 1294 3882 26)

179 3895 231 3961 vel
264 3914 337 3961 cum
364 3915 418 3979 eo,
451 3897 535 3979 qnod
568 3896 702 3962 Taetres
735 3917 774 3962 ex
799 3897 937 3964 Diodoro
971 3909 1152 3982 excerptum
1181 3902 1293 3976 (Dind.

176 4201 213 4272 (p,
284 4115 312 4273 ζ)
330 4115 375 4173 vd.
393 4130 475 4185 supra
492 4115 527 4170 ad
545 4115 667 4182 nomina,
697 4131 765 4184 qnae
784 4122 849 4174 sunt
867 4118 996 4186 ,Pelorus’
1015 4119 1053 4188 (p.
1071 4117 1117 4188 98)
1148 4122 1177 4173 et
1194 4118 1294 4186 ,Atlas⁸

232 4202 305 4259 12³.
