2908 4724
633 339 694 404 113

90 541 161 605 per
197 523 260 587 lcoi
299 531 455 601 naturam,
494 543 588 607 quam
609 523 764 589 NIssenns
800 523 833 587 in
862 523 942 589 Mus.
968 524 1113 588 Rhenan.
1143 529 1218 590 tom.

91 624 195 689 XXII
217 625 331 707 (1867)
352 645 382 708 p.
397 625 461 692 565
481 644 546 708 sqq.
570 625 749 709 descripsit,
771 624 841 690 fieri
863 645 960 710 posse
981 625 1161 701 videantur,
1185 633 1219 689 ut

96 724 266 790 Hannibal
303 727 356 805 ibi,
394 728 445 791 ubi
475 728 570 792 hodie
593 728 776 810 Borghetto,
805 726 995 802 Flaminius,
1032 727 1084 790 ubi
1123 724 1218 790 hodie

92 829 305 912 Passignuno
328 828 424 893 silum
448 838 506 905 est,
530 830 561 893 in
586 829 766 897 convallem
789 831 1005 912 pervenerint,
1024 828 1107 892 forte
1123 834 1220 910 poeta

94 931 172 1011 ipse
203 931 308 993 lacum
345 949 488 1013 quaeque
511 931 597 996 circa
625 940 804 1005 11111111,
843 931 983 1014 inspexit
1012 937 1044 994 et
1074 931 1218 1012 descrip-

95 1033 223 1096 tionem
247 1051 337 1096 suam
361 1031 402 1095 ad
426 1034 616 1117 imaginem,
654 1053 747 1117 qoam
776 1033 1022 1114 cogitationibus
1051 1031 1219 1116 amplexus

100 1135 259 1197 memoria
286 1135 399 1211 tenuit,
427 1135 648 1201 conformavit.
700 1135 758 1200 Cui
789 1134 992 1198 coniecturae
1028 1135 1125 1198 etiam
1151 1133 1219 1198 lini

103 1236 191 1300 circa
217 1236 302 1317 ripas
324 1234 418 1300 allusi
440 1239 698 1304 commemoratio
722 1255 782 1319 (ν1.
804 1237 868 1318 6)¹)
891 1236 987 1300 favet.

209 1336 351 1401 Necdum
375 1337 470 1420 pleno
494 1340 562 1404 sole
586 1348 695 1403 exorto
717 1341 878 1404 Romanos
906 1339 937 1402 in
968 1337 1103 1402 insidias
1127 1336 1219 1419 quasi

93 1437 130 1500 in
165 1445 274 1502 retea
304 1440 517 1522 piscatoribus
547 1442 663 1506 iactum
693 1441 824 1506 irruisse
855 1445 915 1519 (vs.
942 1441 984 1506 24
1010 1440 1092 1523 sqq.)
1122 1441 1218 1504 111111

94 1541 254 1623 Polybius
278 1550 311 1604 et
332 1541 442 1605 Livius
466 1542 528 1606 ianr
553 1564 572 1606 a
594 1544 747 1626 Rupertio
770 1543 891 1608 laudati
914 1544 1088 1607 memoriae
1113 1542 1218 1626 prodi·

94 1641 225 1705 derunt.
270 1642 390 1706 Contra
405 1642 532 1708 Livium
552 1646 599 1708 nil
624 1645 664 1709 de
690 1645 901 1728 incomposito
917 1645 1070 1710 Flaminii
1091 1645 1219 1726 agmine

94 1748 163 1820 (vs.
179 1745 220 1808 29
236 1744 322 1829 sqq)
343 1755 373 1809 et
395 1746 436 1809 de
459 1745 566 1810 nimiis
589 1746 826 1829 impedimentis
843 1783 882 1793 ·-
899 1747 946 1810 sic
968 1747 1054 1811 enim
1076 1746 1220 1825 ,lixarum

95 1842 228 1927 vulgus'
263 1866 308 1910 vs.
340 1847 381 1911 32
409 1846 685 1930 interpretandum
713 1855 824 1912 censet
853 1850 1064 1912 -attulisse
1091 1849 1219 1926 lleyna·

93 1947 216 2010 cherus
239 1949 361 2030 (progr.
378 1967 408 2031 p.
424 1949 475 2025 25,
491 1947 526 2033 4)
550 1957 667 2028 monet,
690 1969 760 2014 cum
774 1949 926 2032 Polybius
949 1949 1031 2013 sicut
1053 1951 1218 2014 consulem

95 2068 125 2112 1.
151 2049 193 2114 83
213 2052 233 2128 ξ
255 2049 274 2113 7
297 2060 512 2131 congruenter
534 2069 607 2114 curn
630 2051 709 2116 Silio
731 2051 792 2133 (νι.
815 2052 856 2117 28
879 2059 940 2134 sq.)
969 2051 1063 2132 signa
1085 2069 1220 2133 praece-

94 2152 230 2214 dentem
263 2149 401 2233 faciat,²)
431 2153 476 2216 ita
511 2173 537 2217 c.
568 2155 608 2218 82
642 2154 789 2216 incessus
819 2152 990 2218 inordinati
1023 2153 1219 2218 mentionem

16 2288 20 2298 ·
96 2252 260 2334 iniecerit,
284 2272 377 2334 quern
401 2273 594 2318 consensum
618 2274 657 2318 ex
672 2255 829 2318 communi
849 2254 980 2337 antiquo
995 2256 1095 2336 sonte,
1118 2255 1218 2337 cuius,

95 2365 133 2417 ut
166 2353 327 2418 Flaminio
359 2357 561 2439 obtrectaret,
595 2357 786 2438 interfuerit,
819 2376 923 2440 neque
955 2377 1030 2422 vero
1061 2376 1080 2420 e
1109 2356 1218 2421 Goelic

96 2453 312 2538 repetendum
335 2475 418 2521 esse.
463 2461 506 2521 At
528 2459 677 2542 Polybius
699 2460 827 2542 quidem
856 2455 932 2534 τοὺς
961 2459 1056 2535 ἐκτὸς
1076 2481 1218 2545 παρεπο-

95 2563 218 2641 μένους
235 2561 291 2637 τῆς
307 2557 466 2647 ὠφελείας
478 2558 576 2645 χάριν
591 2563 745 2625 maiorem
757 2580 852 2642 quum
868 2561 957 2644 ipsos
973 2581 1062 2626 arma
1077 2562 1219 2626 ferentes

96 2679 267 2723 numerum
292 2661 438 2742 explesse
462 2663 627 2727 contendit
650 2661 747 2746 (182
768 2665 847 2744 58),
871 2663 926 2727 sed
950 2683 1013 2726 non
1038 2663 1131 2727 modo
1154 2683 1218 2726 non

98 2762 258 2825 vocabulo
291 2758 386 2836 ἐκτὸς
417 2763 572 2828 discretos
604 2764 705 2829 fuisse
739 2766 797 2828 hos
832 2765 978 2828 homines
1012 2783 1032 2826 a
1066 2763 1219 2830 militibus

99 2864 234 2944 indicat,
258 2883 368 2928 verum
391 2865 488 2928 etiam
512 2867 608 2928 mlxta
634 2865 734 2930 luisse
750 2866 833 2929 inter
855 2885 890 2929 se
910 2864 1040 2928 diversa
1055 2866 1219 2950 copiarum

99 2985 222 3048 genera
245 2967 333 3030 nullo
357 2968 454 3031 verbo
478 2977 715 3032 commemorat.
759 2967 868 3031 Potius
899 2975 965 3030 1111
993 2966 1072 3032 haec
1094 2969 1220 3049 pictura

100 3088 120 3132 1
152 3069 308 3132 memoria
337 3069 489 3133 Flaminii
525 3073 607 3135 clam
643 3079 674 3133 et
710 3069 916 3132 tumultuarie
951 3069 983 3130 in
1020 3070 1219 3151 provinciam

100 3172 260 3241 abeuntis,
282 3171 410 3253 qualem
433 3171 543 3236 Livius
560 3171 647 3253 XXI,
671 3191 697 3236 c.
720 3172 761 3236 63
784 3171 802 3254 ἕ
824 3171 845 3235 5
867 3189 934 3253 sqq.
957 3169 1220 3253 repraesentatl)

101 3283 177 3336 nata
201 3273 337 3353 videtur,
361 3292 420 3337 nec
442 3273 539 3338 nimis
555 3273 708 3338 audacem
726 3293 776 3337 me
798 3273 983 3356 praebeam,
1010 3271 1038 3336 si
1054 3291 1117 3336 non
1142 3291 1219 3335 casu

100 3373 252 3439 evenisse
275 3374 424 3456 iudicem,
448 3376 531 3457 quod
556 3397 605 3459 ap.
630 3377 698 3441 Liy.
722 3376 741 3440 1.
765 3395 790 3441 1.
814 3375 868 3458 §9
890 3373 1010 3449 ,lixae
1031 3375 1125 3438 modo
1149 3373 1219 3438 sine

102 3477 294 3558 insignibus,
319 3478 389 3541 sine
406 3476 569 3542 lictoribus
586 3479 765 3559 profectum
781 3475 872 3540 clam'
900 3476 1095 3541 Flaminium
1111 3485 1220 3558 patres

101 3672 315 3680 r—--a—

211 3759 238 3824 l)
258 3758 403 3814 ettamen
423 3757 477 3814 Liv,
497 3757 587 3822 XXII,
607 3773 630 3815 c.
650 3757 674 3820 6,
694 3757 709 3825 §
727 3758 744 3811 6
762 3772 819 3827 ,per
838 3757 923 3826 prima
943 3755 1010 3810 vada
1026 3754 1182 3824 paludis.

210 3846 236 3916 2)
257 3845 381 3900 Ceterum
407 3846 510 3911 ,consul
536 3847 661 3916 carpebat
685 3847 792 3914 iniquas
817 3873 850 3883 -
876 3845 941 3898 vias'
964 3844 1046 3898 nimis
1074 3844 1220 3899 artificiose

103 3937 188 3989 ν11111
217 3935 356 4003 Hcynoch.
406 3937 470 3998 ,Der
501 3934 602 3990 Consul
633 3935 724 3989 schalt
754 3935 822 3988 liber
854 3933 907 3987 den
941 3933 1097 3987 schlechten
1127 3932 1219 4001 Weg';

104 4025 230 4094 ,carpero'
250 4025 339 4093 potius
358 4024 430 4078 idom
449 4009 523 4078 valet
541 4039 573 4079 ac
592 4025 699 4092 ,legere
720 4022 864 4092 proficisci.

211 4113 239 4182 3)
258 4112 291 4166 11.
316 4111 372 4168 Liv.
392 4111 464 4178 XXI,
484 4110 526 4176 63,
546 4111 595 4181 §7
622 4113 648 4178 ,1
654 4112 784 4180 ugisse'
804 4109 991 4180 (Flaminium)
1017 4115 1045 4164 ct
1063 4109 1111 4163 Sil.
1132 4108 1165 4174 V,
1185 4109 1219 4163 33

105 4219 233 4272 ,pugnarn
254 4201 451 4270 fugientum
471 4219 543 4257 more
562 4200 704 4272 petebant'.
