2936 4718
713 256 815 358 ἰι

238 487 410 562 antequam
435 478 554 560 infesta
575 476 670 558 signa
685 477 855 541 Persarum
879 476 1012 560 imperio
1028 475 1170 552 interret,
1187 475 1356 540 consilium

239 581 373 664 Pythiae
389 579 555 662 exquirere
570 577 655 643 baud
678 587 870 661 aspernatus
894 579 980 661 est.¹)
1010 577 1092 656 Quid
1111 586 1217 641 autem
1233 577 1355 658 Hanni-

240 682 305 747 bali
328 681 408 745 Afro
431 700 502 745 cum
520 678 656 762 Delphis
680 687 712 742 et
737 679 787 744 dis
804 679 982 745 Graeciae?
1010 679 1120 746 Facile
1136 698 1216 744 sane
1238 686 1354 760 poetae

239 783 339 848 menti
369 800 533 849 recurrere
556 780 666 844 debuit
694 780 872 863 ,Ammonis
895 782 1130 848 nobilissimum
1153 778 1355 864 templum’.²)

239 884 305 950 Neo
329 891 439 968 aptum
461 882 562 966 legati
583 902 702 948 nomen
725 881 869 949 invenire
892 882 1024 948 difficile
1047 891 1126 949 erat
1159 882 1289 947 Electus
1305 890 1356 947 est

239 984 433 1072 Bostar,³)
455 984 510 1068 qui
531 984 623 1050 Livio
645 991 729 1050 teste
752 983 885 1070 (XXIII,
908 985 959 1057 34,
983 986 1002 1068 ἕ
1024 987 1057 1069 2)
1085 1005 1151 1049 una
1179 1004 1251 1048 cum
1280 984 1354 1050 aliis

238 1088 393 1156 mandata
412 1085 604 1152 Hannibalis
625 1086 668 1150 ad
690 1084 883 1169 Philippum,
906 1105 1016 1169 regem
1037 1086 1261 1164 Macedonum,
1284 1106 1355 1169 per·

238 1191 318 1256 tulit.
356 1191 388 1256 Is
412 1208 560 1255 reversus
583 1187 657 1272 (Sil.
680 1187 738 1268 111,
761 1189 833 1267 647,
856 1194 946 1271 sqq.)
990 1188 1164 1253 Hannibali
1187 1191 1273 1253 viam
1295 1207 1354 1271 per

238 1294 351 1378 Syrtes
363 1291 562 1376 periculosas
575 1297 747 1373 vastasque
762 1288 899 1354 barenas
910 1279 1065 1354 ferentem
1077 1291 1156 1374 (uss.
1172 1291 1353 1372 eoa-665)

239 1394 391 1460 describit
413 1401 445 1458 et
466 1391 636 1476 quomodo,
659 1410 730 1456 oum
753 1390 795 1454 ad
817 1390 911 1456 finem
933 1391 1058 1456 itineris
1079 1393 1291 1475 pervenisset,
1314 1393 1352 1456 ab

236 1494 381 1578 Arisba)
404 1493 543 1576 bospitio
567 1499 718 1574 exceptus
742 1493 793 1557 sit.
837 1493 906 1558 Hoc
935 1513 1053 1557 nomen
1077 1494 1245 1575 Graecum,
1267 1494 1350 1575 quod

233 1598 300 1662 iam
321 1595 407 1681 apud
428 1598 604 1661 Homerum
633 1594 682 1670 (Il.
707 1595 745 1658 P.
768 1596 844 1675 345)
870 1594 1014 1676 occurrit,
1047 1595 1131 1659 forte
1164 1604 1351 1677 usurpatum

235 1705 294 1780 est,
317 1696 403 1780 quia,
436 1696 552 1762 fertilis
586 1695 663 1760 dicti
696 1697 809 1780 templi
835 1716 921 1777 area,
956 1696 1050 1777 quasi
1080 1696 1202 1760 ocellus
1225 1696 1350 1762 mediae

235 1798 402 1865 solitudini
424 1798 625 1881 interposita,
655 1806 826 1882 postquam
847 1798 1017 1863 Ammonis
1046 1797 1229 1864 sacerdotes
1252 1799 1349 1862 Alex·

233 1900 368 1966 andrum
391 1899 570 1964 filiumdei
592 1919 665 1965 esse
687 1898 904 1984 simularunt)
928 1920 967 1965 ac
987 1899 1165 1966 Ptolemaei
1186 1900 1279 1982 regni
1301 1902 1349 1965 sui

232 2002 314 2068 fines
338 2001 484 2088 Cyrenen
519 2022 618 2086 usque
650 1999 890 2086 protulerunt,⁶)
925 2003 1057 2069 Graecis
1087 2001 1251 2068 vindicata
1277 2022 1349 2067 esse

234 2103 410 2170 videbatur.
453 2105 566 2170 Fontis
590 2104 753 2168 Ammonii
776 2111 888 2168 contra
911 2104 976 2169 diei
998 2105 1155 2168 rationem
1184 2123 1270 2168 nuuc
1299 2125 1348 2168 ca·

231 2205 329 2271 lentis
359 2226 443 2272 nunc
473 2207 622 2290 frigentis
656 2225 741 2269 nunc
774 2205 913 2288 tepentis
947 2205 1063 2288 triplex
1095 2212 1220 2284 natura,
1255 2225 1349 2288 quam

232 2308 347 2372 bostar
369 2326 435 2373 vss.
457 2307 624 2373 ooo-672
658 2305 812 2391 depingit,
844 2306 908 2370 iam
943 2308 982 2371 ab
1005 2306 1161 2372 Herodoti
1183 2307 1252 2392 (IV,
1276 2307 1349 2390 181)

233 2408 428 2492 temporibus
451 2408 556 2494 notai)
578 2429 598 2472 a
620 2407 729 2474 multis
752 2416 896 2473 veterum
919 2408 1125 2491 scriptoribus
1159 2429 1348 2474 commemo-

231 2518 302 2576 rata
336 2518 395 2592 est,
430 2530 508 2594 quos
542 2510 675 2575 laudant
709 2509 901 2593 interpretes
936 2510 987 2573 ad.
1010 2511 1029 2574 l.
1054 2513 1074 2573 l.
1098 2509 1221 2574 Eodem
1255 2511 1348 2575 modo

231 2630 313 2694 quae
347 2612 490 2695 sequitur
522 2613 664 2677 narratio
694 2613 735 2677 de
758 2611 834 2676 lano
862 2609 1017 2696 condito⁸)
1040 2611 1085 2676 nil
1119 2612 1199 2687 nori,
1232 2612 1348 2678 nedum

336 2823 364 2891 1)
382 2821 455 2876 Plut.
475 2821 549 2878 Alex.
569 2823 611 2877 14.

340 2913 371 2982 2)
388 2909 477 2964 Verba
495 2913 559 2965 sunt
576 2911 679 2966 Justini
697 2909 718 2976 1,
738 2912 763 2966 9.
783 2914 798 2974 ξ
816 2911 841 2965 3.

336 2997 365 3068 3)
383 2998 419 3056 cf.
438 2998 495 3052 Liv.
509 2998 604 3070 XXVI,
617 3000 641 3064 b,
661 3001 718 3068 §63
738 3001 781 3069 12,
800 2999 871 3069 310.
908 2999 1001 3068 Polyb.
1020 3000 1041 3067 1,
1056 3001 1098 3068 79,
1116 2999 1161 3068 §2
1181 2995 1344 3070 (Βώσταροι)

230 3085 283 3146 ιιι.
302 3086 345 3153 aa,
363 3087 414 3156 ss
436 3104 475 3157 sq.
494 3083 648 3158 (naseas).
1023 3065 1045 3150 ,'

339 3175 367 3243 4)
394 3175 502 3231 Erravit
529 3176 561 3230 de
589 3176 689 3242 Vibius,
719 3193 779 3232 cum
807 3178 837 3232 in
875 3179 967 3245 ,totius
994 3177 1153 3232 Latinitatis
1180 3178 1345 3232 onomastico

232 3265 307 3336 (tom.
331 3263 352 3321 l.
376 3263 452 3320 Preti
477 3265 664 3333 1859-1869)
690 3266 763 3324 huno
785 3266 875 3321 locum
899 3268 948 3322 sub
976 3267 1088 3321 Arisbae
1117 3265 1190 3319 urbis
1217 3266 1345 3320 vocabulo

228 3351 353 3411 referret.

337 3441 365 3508 5)
384 3442 486 3500 Justiu.
505 3441 551 3514 XI,
571 3445 613 3508 11,
632 3443 648 3512 ἐ
668 3445 683 3497 7
703 3442 911 3516 ,ingredientem
931 3446 1062 3516 templum
1081 3446 1129 3515 (sc.
1152 3445 1343 3514 Alexandrum)

230 3531 324 3584 atatim
343 3532 482 3585 antistites
502 3535 533 3586 ut
550 3531 688 3586 Ammonis
706 3531 794 3586 filium
812 3533 949 3588 salutant!

337 3616 363 3687 6)
382 3619 482 3676 Justin.
500 3619 574 3678 XllI.
594 3622 619 3687 6,
638 3621 655 3690 ξ
674 3622 716 3678 20.
754 3621 804 3678 Sil.
823 3622 869 3684 XI,
889 3622 942 3678 380
959 3640 998 3693 sq.

335 3705 362 3772 7)
381 3705 413 3760 cf.
433 3706 519 3763 Blass.
538 3725 599 3763 ann.
618 3709 750 3764 Fleckeis.
771 3711 848 3774 1894,
868 3729 893 3780 p.
911 3712 972 3767 480.

334 3794 362 3862 8)
380 3794 405 3849 Δ
422 3794 524 3860 fabula,
545 3813 613 3867 quae
632 3798 703 3866 apud
721 3799 852 3853 Herodot.
871 3798 907 3866 H,
926 3800 961 3855 bb
979 3801 1090 3868 legitur,
1116 3802 1246 3868 abhorret,
1272 3804 1343 3874 quod

226 3881 313 3936 altera
336 3882 521 3938 columbarum
546 3883 597 3955 (vs.
616 3886 679 3956 683)
703 3904 757 3941 non
776 3889 865 3956 nigra,
892 3889 938 3943 red
960 3890 1054 3953 ‚niveis
1079 3919 1109 3929 —
1136 3894 1260 3947 concolor
1283 3891 1342 3946 alis¹

225 3971 390 4030 nominatur.
426 3970 479 4026 Pro
498 3973 595 4028 horum
613 3976 756 4029 verborum
773 3977 867 4044 primo,
892 3993 952 4031 eum
971 3977 1021 4032 alii
1039 3979 1113 4034 aliud
1130 3982 1343 4052 proposuissent,
1392 4009 1396 4016 ·

227 4055 316 4127 Chory
335 4059 851 4132 dias.Lips.187'l,p.381egendum
875 4067 1099 4129 consultatus.
1136 4069 1188 4124 Sed
1210 4085 1288 4123 vorsu
1307 4069 1341 4123 ab
1452 4095 1453 4100 .

225 4147 284 4218 ipso
303 4148 387 4203 allato
400 4147 458 4214 XV,
472 4150 514 4214 99,
532 4150 581 4205 ubi
600 4152 692 4206 eadem
704 4154 785 4208 verba
799 4153 900 4208 eisdem
912 4155 1063 4212 hexametri
1080 4157 1190 4213 aedibus
1203 4159 1342 4226 leguntur,
