2908 4724
636 338 675 403 77

72 524 113 590 in
150 522 212 588 his
244 521 419 590 involueris
447 521 582 606 poetieis
611 530 644 589 st
669 521 842 604 nonnulle,
867 539 952 604 quae
979 519 1065 604 apud
1087 520 1215 587 Livium

75 625 116 688 in
152 624 264 706 prima
298 625 374 690 belli
403 624 514 691 Puniei
550 624 683 692 seeundi
710 634 812 709 perte,
849 625 977 692 etiamsi
1005 643 1070 689 non
1100 623 1214 688 eodem
1340 625 1343 633 '

78 745 206 808 rernm
233 733 398 809 gestarum
424 727 512 806 loeo,
547 727 715 810 leguntur,
751 727 951 811 deprendere
980 727 1091 806 lieeat,
1127 723 1217 789 velet

78 829 210 896 dueem
234 828 375 903 ,aemula
391 877 422 892 ..
446 829 598 894 Heroulei
622 830 799 894 instantem
820 831 909 895 faeta
923 825 1052 895 laboris'
1075 823 1217 910 (καθ’)

80 930 194 998 Silius
228 931 270 996 ad
293 929 475 1014 exemplum
503 930 674 997 loeutiouis
700 931 799 1008 Livii,
835 951 878 995 an
907 930 1013 996 diuam
1042 928 1216 1012 Scipionis,

79 1033 328 1112 eonformavit,
358 1052 379 1096 a
406 1051 468 1115 quo
495 1032 679 1113 ,Hannibal
706 1034 852 1099 aemulus
878 1033 1030 1098 itinerum
1056 1028 1215 1095 Hereulis'

82 1135 197 1219 (XXI,
225 1137 265 1202 41
288 1135 308 1218 g
331 1134 364 1219 7)
393 1135 531 1200 orationi
558 1135 720 1214 intexitur,
747 1135 836 1201 velut
864 1135 997 1200 munitio
1024 1129 1058 1198 et'
1084 1130 1216 1196 refeetio

76 1257 260 1304 murorum
292 1245 325 1302 et
351 1237 484 1302 turrium
505 1236 566 1322 (vs.
588 1237 630 1302 20
651 1242 733 1320 sqq.)
761 1257 802 1302 ex
828 1236 963 1322 imperio
989 1241 1121 1301 senatus
1143 1239 1217 1316 post

77 1359 243 1424 pugnam
278 1338 320 1404 ad
356 1339 613 1404 Trasumennum
650 1339 854 1405 commissam
881 1339 981 1404 Fabio
1017 1344 1050 1402 et
1075 1334 1216 1402 Miuuoio

78 1440 180 1514 datm
208 1449 243 1505 ut
264 1457 372 1506 muros
394 1449 562 1524 turresque
584 1442 672 1507 urbis
694 1442 860 1506 firmarent
879 1451 911 1506 et
924 1438 1088 1524 praesidia
1109 1436 1216 1518 dispo·

80 1553 215 1608 nerent
250 1542 337 1625 (Liv.
366 1541 470 1620 xxn,
499 1543 521 1608 8
547 1545 568 1623 ἐ
591 1543 624 1615 7)
660 1545 826 1609 commode
861 1542 946 1608 sumi
975 1539 1092 1625 potuit,
1129 1538 1219 1604 velut

82 1645 245 1708 narratio
278 1642 319 1708 de
352 1644 476 1726 eampis
509 1643 541 1708 in
573 1646 683 1710 urbem
717 1647 972 1711 concurrentium
1001 1644 1065 1726 (vs.
1087 1642 1132 1708 m
1156 1639 1217 1723 sq.)

84 1745 239 1812 fortasoe
261 1745 419 1828 originem
443 1746 538 1810 debet
559 1747 666 1811 verbis
681 1747 827 1813 Liuianis
849 1747 948 1832 (XXI,
963 1745 1004 1810 57
1025 1745 1115 1826 ξΙΟ)
1138 1750 1218 1825 ‚tum

87 1854 201 1912 terror
225 1846 466 1931 populationum
488 1845 531 1913 eo’
557 1886 601 1896 -
621 1849 798 1915 Victumias
819 1850 851 1913 in
875 1847 1052 1932 emporium
1075 1883 1118 1892 -
1138 1845 1219 1928 ‚ple

92 1968 216 2033 rosque
232 1949 376 2031 suagrio
391 1950 599 2032 compulerat
615 1959 648 2014 et
662 1950 803 2027 ‚tradunt
817 1951 930 2016 metua’
951 1955 1014 2027 (vs.
1025 1947 1081 2028 32)
1097 1945 1218 2011 dietum

97 2059 151 2115 est
179 2061 215 2116 nt
241 2067 294 2134 ap.
316 2051 444 2116 Livium
472 2051 588 2134 (XXII,
612 2055 630 2118 7
652 2056 672 2133 ξ
692 2053 726 2139 8)
754 2054 848 2131 ‚alius
880 2053 919 2116 ab
950 2051 1015 2116 alio
1036 2051 1216 2116 rumoribus

97 2151 239 2238 impleti'
289 2153 384 2220 Solus
408 2163 550 2233 senatos,
572 2155 679 2238 pergit
690 2153 789 2221 Silius
811 2173 877 2220 uss.
892 2154 1028 2232 etl-38,
1051 2153 1217 2236 impertur-

96 2253 192 2321 batus
217 2275 255 2320 eo
278 2255 459 2320 immotiore
489 2256 672 2321 constantia
700 2257 795 2324 rebus
824 2255 970 2322 adversis
998 2254 1132 2320 obnixus
1161 2260 1218 2318 est

92 2355 188 2424 Haeo
221 2357 396 2431 sententie,
427 2357 582 2441 siquidem
611 2359 741 2424 omnino
768 2358 895 2442 seriptis
924 2357 1064 2424 lontibus
1093 2354 1216 2435 nititur,

92 2477 111 2522 e
133 2459 275 2544 Polybio
298 2477 448 2524 manasse
468 2459 601 2526 videtur.
645 2462 679 2526 Is
703 2461 789 2526 enim
814 2460 962 2543 scriptor,
991 2478 1087 2541 quom
1108 2477 1217 2542 quam·

91 2560 144 2626 vis
168 2562 212 2626 ob
235 2559 358 2624 aridum
381 2571 414 2626 et
433 2559 576 2628 ieiunum
597 2562 728 2628 dicendi
749 2581 851 2646 genus
874 2561 1020 2645 poetioee
1034 2560 1217 2627 trautatioei

91 2665 233 2728 minime
255 2672 364 2746 aptum
384 2681 459 2730 esse
481 2665 632 2745 concedo,
655 2674 764 2729 tamen
779 2686 799 2728 a
814 2663 895 2730 Silio
909 2663 975 2746 legi
989 2670 1022 2726 et
1035 2662 1111 2726 hino
1131 2661 1217 2741 inde,

90 2769 148 2832 ubi
176 2769 343 2834 commoda
363 2768 519 2854 praebuit,
549 2767 675 2850 exeerpi
705 2767 847 2849 potuisse
876 2784 941 2830 nou
962 2783 1094 2848 prorsus
1115 2783 1218 2846 nega·

92 2869 244 2951 verim,²)
272 2890 342 2938 oum
371 2871 509 2955 saepius,
540 2868 624 2953 qnod
645 2869 757 2934 Livius
785 2885 942 2948 nosquam
971 2877 1037 2931 tam
1066 2883 1218 2951 expresse

91 2973 205 3038 oeulis
242 2975 361 3039 nostris
390 2974 514 3051 subicit,
553 2972 640 3037 velut
662 2971 722 3046 ΙΙΙ,
746 2989 773 3035 ο.
796 2971 837 3034 61
858 2970 876 3052 fi
898 2970 920 3034 9
942 2969 1013 3052 et§
1038 2971 1087 3047 12,
1125 2989 1152 3033 e.
1177 2969 1218 3036 75

92 3076 113 3154 ξ
136 3077 163 3140 4
187 3083 338 3140 terrorem
367 3074 600 3144 erconaldum,
623 3071 869 3156 trepidationem
893 3079 926 3136 et
946 3070 1129 3136 firmitatem
1153 3071 1218 3136 Ro·

92 3194 269 3240 manorum
294 3177 375 3242 iuter
414 3196 449 3241 se
480 3177 626 3260 opponit,
654 3184 721 3239 tum
744 3174 803 3253 ΙΙΙ,
836 3174 878 3240 85
902 3173 921 3255 fi
945 3174 986 3238 10
1013 3171 1097 3238 haud
1124 3189 1218 3236 seeus

96 3296 201 3360 quam
229 3278 329 3345 Silius
357 3276 397 3344 οὐ
421 3275 488 3363 μὴν
517 3275 573 3361 ἥγε
612 3275 796 3362 σύγκλητος
828 3275 875 3341 ait
901 3271 979 3359 (τὴν
1007 3278 1219 3361 περιπέτειαν

96 3377 138 3444 οὐ
155 3383 297 3468 μετρίως
313 3385 441 3470 ἔφορον)
458 3378 528 3444 ἀλλ’
553 3384 606 3446 ἐπὶ
630 3383 690 3444 τοῦ
717 3374 931 3457 καθήκοντος
945 3379 1037 3460 ἔμενε
1058 3374 1219 3455 λογισμοῦ

98 3485 157 3548 καὶ
180 3484 339 3548 διενοεῖτο
373 3485 448 3567 περὶ
486 3486 547 3548 τοῦ
581 3484 774 3564 μέλλοντος,
812 3484 881 3554 πῶς
908 3479 963 3544 καὶ
994 3480 1029 3540 τί
1054 3479 1218 3561 πρακτέον

99 3581 255 3659 ἑκάστοις
277 3582 337 3664 εἴη.
381 3584 486 3663 Quam
508 3583 605 3650 iaoile
627 3603 702 3648 vero
723 3583 819 3648 obvia
841 3583 905 3646 sint
926 3578 1011 3654 talia,
1034 3575 1166 3660 patebit,
1189 3576 1218 3638 si

100 3689 239 3754 eandem
260 3709 355 3772 quam
379 3687 479 3755 Silius
509 3707 555 3752 vs.
579 3687 619 3753 37
642 3706 689 3769 sq.
722 3685 847 3768 profert
874 3677 1079 3756 sententiam,
1111 3686 1219 3762 patres

209 3940 238 4008 1)
256 3939 291 3993 oi.
311 3939 393 3994 etiam
410 3935 461 3992 Sil.
481 3935 524 4008 lv,
544 3935 579 3990 63
597 3951 637 4005 sq.

210 4027 238 4097 2)
257 4027 311 4082 Sed
333 4026 384 4081 hoe
407 4025 521 4080 nonita
542 4024 662 4093 intelligi
685 4023 773 4088 velim,
800 4023 840 4086 ut,
865 4019 1017 4089 ubieunque
1042 4017 1219 4086 eongrmntia

103 4116 175 4174 inter
199 4115 339 4184 Polybium
365 4119 393 4170 st
416 4113 510 4170 Silium
535 4113 607 4168 solos
632 4110 784 4179 interoedit,
807 4109 880 4164 huno
902 4123 934 4163 ex
954 4107 1023 4177 ipsis
1047 4107 1123 4161 illius
1142 4104 1219 4160 libris

102 4202 228 4262 hausisse
245 4203 409 4260 censendum
428 4204 473 4258 sit.
