2908 4724
768 333 827 398 102

239 523 452 600 supposuerat
482 553 517 563 -
552 515 631 580 bene
664 514 748 582 18811.
792 517 902 581 Potius
932 517 1015 582 iuter
1036 517 1168 582 Livium
1198 523 1237 580 et
1262 515 1372 582 Silium

239 619 421 696 discrimen,
445 616 654 698 8188111881,
691 618 789 682 statui
811 619 926 701 possit:
957 639 1031 682 nam
1069 625 1168 702 poeta
1203 618 1373 682 consulem

238 723 299 805 (vs.
321 721 385 788 4811
407 717 489 805 sqq.)
523 727 617 783 nocte
640 739 741 802 paene
764 729 894 804 peracta
924 724 956 785 81
978 720 1125 784 radiante
1159 720 1235 783 iam
1261 739 1375 782 aurora

240 843 313 888 sese
338 821 547 904 recipientem
569 821 657 888 facit.
702 821 770 887 Hoc
793 841 853 904 ego
882 829 937 886 aut
966 821 1070 886 studio
1093 824 1266 904 temporis
1288 839 1375 884 accu-

240 924 338 989 ratius
366 922 541 988 definiendi
572 931 680 986 natum
713 933 790 1006 puto
817 931 872 987 aut
892 925 1004 989 crebra
1027 923 1111 1006 opud
1133 923 1325 1008 Polybium
1348 922 1376 984 in

240 1027 289 1090 his
317 1027 410 1090 rebus
433 1025 534 1106 gestis
567 1026 745 1090 matutinae
778 1024 985 1109 profectionis
1015 1023 1378 1104 commemor·atione.¹)

347 1127 522 1212 Sequentia
544 1128 622 1210 (ves.
635 1127 827 1210 483-490),
851 1135 884 1191 81
904 1129 1001 1190 etiam
1020 1127 1267 1210 Heynacherus
1285 1125 1376 1210 (diss.

240 1253 269 1314 p.
292 1231 333 1296 26
355 1250 402 1296 nr.
429 1231 468 1296 15
493 1257 536 1290 =
559 1249 665 1314 progr.
689 1249 719 1312 p.
742 1230 783 1294 22
805 1249 853 1294 nr.
878 1227 931 1306 14)
958 1227 1115 1309 concedit,
1145 1227 1285 1311 optime
1309 1243 1375 1292 cum

242 1333 333 1397 Livio
357 1329 571 1414 congruunt,²)
600 1331 664 1394 nisi
690 1331 773 1413 quod
798 1338 894 1414 poeta
916 1330 1146 1413 compendiosa
1176 1329 1374 1392 narratione

242 1454 329 1514 usus,
364 1453 435 1498 cum
468 1433 590 1496 diceret
623 1431 780 1510 ,Trebiam
814 1431 976 1514 collesque
1006 1429 1154 1514 petebat',
1199 1427 1374 1494 consulem

241 1537 369 1619 duplice
406 1541 583 1598 castrorum
611 1533 827 1597 Romanorum
861 1531 1065 1608 mutatione³)
1093 1533 1267 1615 ‘neglecta
1306 1530 1373 1594 sine

243 1658 331 1702 mora
355 1638 386 1699 in
410 1655 481 1699 eom
504 1633 644 1698 fluminis
668 1635 771 1717 ripam
787 1634 1028 1718 pervenientem
1046 1635 1133 1715 facit,
1158 1655 1176 1699 e
1206 1653 1280 1716 qua
1304 1650 1372 1715 pro·

242 1738 318 1805 fecti
349 1734 464 1821 proelii
498 1735 658 1800 fortunam
688 1737 826 1801 Romani
858 1735 980 1818 experti
1014 1745 1098 1802 sunt.
1142 1736 1236 1815 Quin
1276 1734 1370 1798 etiam

246 1860 346 1924 usque
369 1839 450 1904 adeo
473 1839 566 1903 Livio
589 1838 667 1904 fisus
691 1847 749 1916 est,
773 1848 807 1902 ut
830 1845 862 1902 et
884 1845 1097 1920 congruenter
1112 1857 1185 1903 cum
1205 1838 1285 1902 eius
1311 1853 1371 1899 rer·

245 1943 292 2008 bis
316 1941 410 2026 (847
429 1941 447 2024 q
462 1942 496 2022 3)
514 1941 655 2005 Poenum
672 1941 865 2023 recipientes
882 1959 954 2004 sese
970 1940 1132 2004 Romanos
1148 1939 1369 2004 insectantem

243 2045 283 2112 ad
305 2044 446 2108 Padum
469 2043 598 2106 venisse
623 2041 763 2106 traderet
785 2041 846 2128 (vs.
868 2041 957 2123 488),
990 2061 1061 2106 cum
1084 2040 1170 2124 apud
1195 2040 1368 2122 Polybium

244 2145 415 2232 ὁπρῶτος
437 2140 588 2228 ποταμός
620 2145 659 2224 (8.
687 2145 728 2210 66
756 2145 775 2225 ξ
803 2140 856 2223 3),
876 2161 977 2225 usque
1005 2143 1046 2208 ed
1075 2161 1166 2224 quem
1199 2136 1369 2206 Hannibal

245 2231 406 2314 Romanos
428 2247 642 2330 persequitur,
665 2245 772 2310 nullus
793 2245 876 2309 alius
892 2263 965 2309 esse
989 2244 1091 2328 possit
1106 2263 1201 2328 quam
1222 2242 1366 2316 Ticinus,

243 2349 326 2433 quud
349 2347 417 2412 fere
440 2349 523 2412 inter
547 2366 658 2411 omnes
682 2345 847 2431 constat.⁴)
891 2346 933 2410 llt
961 2347 1064 2428 potuit
1089 2347 1149 2412 hoc
1178 2347 1258 2411 sine
1284 2361 1365 2409 scru-

243 2450 329 2534 pulis
351 2450 469 2530 iacere,
492 2449 568 2529 quia
589 2447 727 2513 Liviana
749 2449 890 2513 narratio
920 2448 981 2512 hoc
1010 2448 1080 2514 loco
1107 2454 1193 2512 recte
1219 2441 1366 2530 procedit

244 2571 305 2616 888
327 2569 435 2616 secum
458 2551 529 2634 ipsa
552 2559 682 2633 pugnat.
727 2549 764 2614 ld
795 2569 871 2615 vero
899 2569 961 2614 non
985 2548 1022 2614 lit
1050 2549 1082 2612 in
1108 2539 1210 2633 ipsius
1237 2561 1366 2631 pugnae

245 2652 461 2735 descriptione
498 2652 636 2718 uLivio
667 2651 769 2732 edita,
804 2650 889 2716 unde
925 2651 957 2714 iu
995 2669 1135 2734 quanam
1170 2649 1264 2716 fluvii
1304 2647 1364 2728 ripa

246 2755 402 2838 proelium
425 2755 630 2820 commissum
646 2753 698 2833 811,
722 2752 819 2818 881118
843 2752 1000 2818 machinis
1016 2760 1202 2833 extorquere
1218 2744 1364 2836 8888181)

342 2931 457 2938 ..α-...ω-

1436 2263 1439 2314 1

352 3034 381 3102 r)
401 3033 436 3090 er.
456 3033 513 3090 ror.
540 3033 590 3104 111,
608 3033 651 3098 le,
677 3033 691 3102 8
712 3039 724 3090 1
753 3027 1011 3100 1881888881
1031 3076 1037 3088 .
1064 3047 1087 3088 0.
1105 3031 1148 3095 48,
1168 3027 1185 3106 q
1205 3032 1222 3086 5
1252 3027 1310 3100 ἅμα
1327 3021 1364 3088 τῷ
1437 3050 1438 3054 ¹

246 3127 318 3193 φωτί
341 3162 346 3174 .
372 3137 394 3178 c.
414 3121 456 3186 63,
481 3121 550 3188 §14
575 3121 649 3179 item.
687 3138 709 3180 c.
728 3123 771 3186 67,
797 3118 850 3193 §2
878 3127 937 3192 περὶ
961 3119 1012 3189 τὴν
1030 3116 1157 3188 eoduma,
1185 3135 1248 3174 cum
1270 3115 1362 3172 Livius

246 3209 313 3264 18818
332 3207 556 3278 respondentibus
575 3212 623 3263 ant
640 3209 743 3264 nullam
761 3213 810 3263 881
828 3225 883 3263 888
901 3211 958 3262 tam
982 3212 1082 3263 certam
1109 3209 1239 3278 temporis
1270 3201 1361 3260 delini·

247 3298 348 3352 tionem
367 3296 476 3352 aflerat.

353 3387 380 3455 2)
399 3385 434 3444 ol.
454 3387 537 3441 etiam
550 3386 640 3442 Wezel
658 3387 707 3444 11.
725 3403 751 3456 p.
764 3386 806 3442 52.
843 3389 877 3444 18
895 3403 934 3442 re.
952 3388 1045 3440 tumen
1058 3385 1112 3441 486
1131 3401 1191 3440 cnm
1209 3379 1360 3452 Dausqneio

246 3475 314 3540 ,dies
332 3475 435 3545 raptus’
460 3490 507 3544 pro
532 3473 634 3530 tradito
653 3474 718 3538 ,dies
738 3473 819 3546 rupii’
839 3473 1002 3543 scripserim,
1031 3489 1084 3528 non
1111 3473 1219 3544 quidem
1248 3473 1282 3528 ob
1302 3481 1361 3524 ean·
1438 3481 1439 3558 ,

247 3563 316 3626 dem,
335 3579 418 3632 quam
436 3564 459 3618 18
479 3563 590 3634 profert,
609 3579 728 3628 cansam,
747 3563 795 3618 886
813 3562 877 3634 quia
895 3562 985 3632 plures
998 3561 1058 3618 dles
1076 3562 1148 3638 inter
1160 3561 1267 3618 abitum
1278 3554 1359 3624 Scipi·

248 3652 308 3704 onis
327 3654 354 3705 81
377 3653 590 3720 persecutionem
608 3651 771 3707 Hannibalis
798 3651 970 3722 praeteriisse
1001 3667 1054 3705 non
1083 3652 1126 3705 est
1154 3651 1286 3706 credibile
1313 3655 1358 3699 nec

247 3738 367 3794 fontibus
388 3741 524 3809 probatur.

354 3827 381 3896 3)
399 3828 441 3882 vd.
460 3829 552 3898 Polyb.
566 3844 588 3883 8.
601 3829 644 3897 66,
661 3829 676 3897 8
688 3830 705 3884 9
725 3833 754 3882 et
772 3845 795 3888 8.
809 3829 852 3897 67,
870 3829 924 3897 §lt
942 3827 1001 3882 Liv.
1016 3845 1039 3888 c.
1050 3830 1094 3894 47,
1114 3820 1355 3900 838184864-

1436 3720 1439 3776 1

353 3916 381 3985 4)
400 3916 432 3970 cl.
453 3933 475 3974 e.
495 3933 522 3986 g.
541 3916 710 3985 Heerwagen
729 3932 770 3986 88.
790 3914 860 3971 Creu
878 3918 907 3971 iu
927 3915 1231 3976 sermocinaretur.
1257 3935 1282 3986 p.
1302 3908 1355 3966 730.
1438 3919 1439 3940 ¹

246 4004 373 4058 Schnelle
392 4021 481 4074 progr.
500 4005 657 4062 Hammens.
679 4005 746 4062 1866
765 4021 792 4073 8.
803 4006 830 4060 4.
850 4003 934 4059 Pohle
953 4004 995 4070 ,de
1013 4019 1107 4073 pugna
1126 4005 1160 4059 ud
1172 4004 1249 4061 Treb.
1268 4009 1354 4056 comm·

249 4095 355 4162 888881,
373 4091 444 4150 8811.ἱ
463 4093 528 4148 diss.
547 4092 608 4148 Hel.
628 4093 697 4148 1872
716 4109 742 4163 p.
761 4093 787 4148 8.
806 4091 921 4147 Mueller
939 4107 1030 4162 progr.
1050 4092 1146 4148 (lenita
1165 4094 1234 4149 1876
1252 4109 1276 4162 p.
1294 4088 1318 4143 8.
1438 4123 1439 4132 κ

355 4181 382 4250 6)
402 4179 437 4237 ci.
458 4179 536 4237 (lton.
556 4182 573 4238 1.
594 4181 612 4236 1.
632 4197 658 4253 p.
678 4181 737 4236 734.
