2908 4724
799 331 840 400 82

263 537 334 584 mus
362 518 547 601 Scipionem
574 517 660 603 apud
682 517 810 582 Livium
843 517 940 582 tertia
971 516 1126 585 orationis
1150 525 1259 602 parte
1291 517 1333 600 (e.
1358 517 1395 582 40

263 621 283 704 5
299 623 315 686 1
332 659 372 669 -
389 621 408 704 5
424 623 446 686 4
460 628 492 685 et
507 640 534 685 c.
550 622 591 687 41
603 622 732 702 51—5
745 617 780 700 5)
801 618 919 684 milites
934 637 1065 685 monere
1087 638 1124 685 sa
1140 619 1174 683 in
1194 618 1394 704 Hispaniam

264 722 409 802 missum,
442 722 495 787 ubi
517 720 560 786 ad
581 721 772 786 Rhodanum
794 739 866 788 oum
887 721 1006 786 Poenis
1028 719 1250 803 conflixisset,
1289 720 1393 785 statim

262 823 339 889 inde
371 823 405 888 in
427 822 555 888 ltaliam
588 829 624 888 ut
651 821 827 888 Hannibali
859 829 1072 904 occurreret,
1108 823 1170 888 iter
1208 821 1395 900 deflexisse,

263 944 398 1009 quarum
429 943 535 990 rerum
567 922 641 988 ideo
676 923 762 1007 apud
792 922 908 990 Silium
944 923 1141 990 mentionem
1177 924 1303 990 facere
1337 943 1394 986 nou

263 1027 378 1111 potuit,
407 1027 482 1110 quia
503 1033 600 1110 poeta
621 1045 678 1091 eas
700 1024 830 1091 silentiu
851 1025 1028 1108 praeteriit
1062 1033 1169 1094 umen
1196 1027 1313 1092 multa
1335 1025 1395 1089 alia

264 1135 298 1194 et
319 1128 430 1194 Livius
453 1127 576 1212 profert
597 1136 630 1192 et
657 1146 696 1191 eo
719 1127 822 1212 magis
845 1133 956 1194 auctor
978 1126 1063 1204 talis,
1099 1128 1236 1210 qualem
1268 1127 1395 1210 Hcyna-

265 1231 382 1296 cherua
406 1231 467 1297 huc
495 1228 619 1307 ascivit,
651 1229 833 1312 prolaturus
868 1228 970 1294 luisse
997 1229 1179 1295 censendus
1212 1239 1282 1311 est,
1317 1246 1395 1311 quae

264 1331 432 1398 commode
455 1331 571 1396 Silium
593 1329 739 1396 versibus
761 1331 930 1414 iniungere
958 1329 1101 1415 potuisse
1123 1350 1225 1396 nemo
1251 1329 1392 1414 negabit
1432 1327 1433 1334 ’

263 1434 409 1512 Accedit,
444 1431 529 1515 quod
555 1431 646 1496 nulla
679 1430 720 1496 de
742 1431 808 1498 alio
839 1433 927 1498 fonte
954 1431 1157 1498 coniectandi
1184 1453 1280 1498 ansa
1304 1433 1394 1495 datur

264 1554 360 1617 quarn
384 1534 424 1599 de
446 1535 581 1619 Polybio
604 1543 638 1599 et
659 1534 764 1618 Livio,
793 1553 866 1599 cum
893 1534 963 1599 fere
991 1553 1055 1599 una
1076 1553 1227 1618 quaeque
1252 1533 1392 1616 cogitata

266 1655 305 1702 ex
327 1636 392 1701 illis
415 1635 566 1720 decerpta
587 1637 662 1703 sint.
707 1637 749 1700 ΙΙΙ
772 1635 906 1721 primum
929 1635 1057 1718 quidem
1082 1636 1209 1716 mirum,
1236 1642 1390 1720 quantum

265 1745 351 1804 totus
374 1739 531 1804 orationis
558 1738 792 1818 Hannibalioae
817 1737 944 1804 habitus
973 1737 1166 1820 respondeat
1194 1743 1389 1821 argumento

265 1839 535 1923 adhortationum,
557 1860 638 1925 quas
652 1839 804 1924 Polybius
828 1840 876 1904 illi
897 1838 1084 1922 imperatori
1104 1851 1180 1922 post
1193 1839 1388 1905 Rhodanum

265 1941 434 2007 traiectum
456 1943 575 2017 tribuit,
598 1963 670 2008 cum
696 1943 819 2007 diceret
839 1943 896 2014 ΙΙΙ,
917 1941 970 2023 44,
997 1940 1015 2023 5
1040 1942 1080 2006 10
1101 1945 1169 2006 τῶν
1191 1961 1388 2030 προγεγενη·

265 2049 373 2127 μένων
401 2041 552 2132 πράξεων
579 2042 741 2129 ἀνέμνησε
770 2040 847 2120 τοὺς
869 2040 994 2129 ὄχλους,
1023 2047 1058 2107 ἐν
1079 2035 1132 2118 αἷς
1160 2045 1228 2132 ἔφη
1258 2043 1390 2112 πολλοῖς

265 2142 388 2222 αὐτοὺς
419 2149 475 2211 καὶ
502 2143 706 2233 παραβόλοις
732 2149 838 2233 ἔργοις
864 2150 921 2211 καὶ
948 2143 1113 2222 κινδύνοις
1133 2139 1388 2234 ἐπιχειρηκόιιαλ

199 2329 200 2332 ¹
266 2254 301 2313 ἐν
330 2247 441 2313 οὐδενὶ
470 2245 690 2338 decoquebatur.
742 2246 870 2313 Deinde
906 2250 988 2332 quud
1026 2247 1069 2312 ad
1105 2247 1240 2331 singula
1278 2247 1388 2312 attinet

266 2350 451 2431 ‚Debellata
471 2349 592 2434 procul'
615 2349 672 2430 (sc.
695 2352 791 2432 esse),
821 2369 1043 2434 ‚quaecuuque
1069 2349 1250 2429 colantur1)
1281 2343 1385 2415 Iberis'

266 2452 326 2538 (vs.
349 2449 405 2533 59)
435 2449 685 2534 comparandum
715 2458 765 2516 est
794 2471 865 2519 eum
894 2452 963 2516 Liv.
990 2451 1077 2534 XXI,
1107 2453 1150 2518 30
1175 2454 1245 2533 52
1276 2464 1383 2533 ‚neque
1434 2459 1435 2466 ’

164 2575 167 2584 ·
266 2561 342 2619 ante
357 2553 518 2636 Hispania
533 2552 723 2618 excessisse’
743 2553 800 2634 (sc.
817 2553 1127 2638 Carthaginienses),
1149 2572 1262 2639 ‚quam
1280 2565 1384 2618 omnes

265 2664 442 2739 gentesque
469 2655 502 2719 et
534 2663 638 2720 terrae
659 2703 668 2718 .
690 2701 699 2718 .
723 2655 1041 2738 Carthaginiensium
1070 2651 1191 2720 esseut'
1228 2664 1265 2722 ct
1295 2675 1323 2720 c.
1349 2649 1383 2715 λλ

265 2757 285 2842 5
309 2757 359 2837 15,
382 2757 435 2822 ubi
458 2776 492 2822 se
514 2755 621 2840 ipsum
644 2757 807 2822 Hannibal
830 2756 1031 2840 ,domitorem
1052 2757 1243 2841 Hispaniae'
1274 2758 1383 2826 iactate

266 2880 341 2945 ,uon
388 2861 535 2944 Pyrenen
579 2857 809 2925 Rhodanumue
853 2859 995 2925 ferocem
1038 2859 1137 2926 Jussa
1183 2853 1380 2943 aspernatos'

267 2965 328 3038 (vs.
351 2964 391 3028 61
415 2962 477 3046 sq.)
507 2970 557 3026 est
583 2961 753 3028 Liuianum
781 2960 821 3045 (c.
848 2962 890 3027 30
917 2959 993 3045 55)
1021 2962 1236 3046 ,Pyrenaeum
1271 2962 1382 3028 saltum

267 3111 306 3128 ..
330 3067 528 3147 superatum,
555 3063 757 3145 Rhodanum,
785 3071 909 3128 tantum
930 3081 1069 3146 amnem,
1095 3110 1102 3127 .
1126 3113 1134 3129 .
1157 3112 1166 3130 .
1189 3057 1381 3134 traiectum?

266 3164 405 3248 Raptum
428 3184 486 3248 per
502 3164 612 3230 Celtas
635 3164 703 3230 iter'
726 3173 787 3239 (vs.
803 3164 859 3246 63)
882 3164 1029 3230 conferre
1052 3165 1141 3230 iuvat
1163 3185 1233 3232 eum
1250 3163 1382 3230 Liuiano

267 3266 308 3348 (c.
330 3267 372 3332 43
394 3265 413 3350 5
438 3264 494 3350 13)
515 3285 584 3349 ‚per
606 3275 653 3330 tot
675 3266 891 3334 ferocissimos
916 3315 923 3330 .
947 3319 953 3331 .
976 3314 984 3330 .
1010 3267 1136 3332 Galliae
1159 3268 1298 3351 populos
1320 3262 1380 3328 vin·

268 3375 378 3434 centes
415 3366 479 3434 huo
514 3368 734 3450 pervenistis’‚
767 3378 799 3432 et
830 3388 912 3453 quae
950 3369 1157 3452 sequentibus
1191 3369 1233 3434 de
1255 3365 1380 3451 Alpium

267 3469 404 3534 transitu
432 3468 513 3533 ludit
535 3469 644 3550 Silius,
677 3488 750 3534 oum
779 3471 994 3536 ostentatione
1017 3470 1210 3536 Hannibalis
1236 3490 1289 3554 ap.
1317 3465 1378 3530 tir.

267 3591 294 3639 c.
316 3571 358 3637 43
373 3575 393 3652 5
409 3571 459 3648 15,
481 3571 533 3636 ubi
556 3572 720 3653 ‚victorem
736 3620 743 3635 .
760 3621 768 3635 .
784 3573 925 3655 ipsarum
941 3619 948 3636 .
964 3621 973 3639 .
990 3622 997 3639 .
1012 3572 1154 3657 Alpium’
1177 3591 1213 3637 se
1228 3568 1377 3656 appellat.

267 3672 311 3736 Et
336 3671 422 3737 idem
450 3672 536 3736 cadit
564 3673 595 3736 in
623 3675 801 3739 orationem
823 3673 987 3760 Scipionis
1007 3680 1084 3756 (vsa.
1107 3673 1255 3760 67-80).
1300 3670 1375 3737 uam

267 3781 396 3856 praeter
417 3792 482 3841 vsa.
509 3773 551 3839 68
578 3793 624 3858 sq.
660 3784 692 3841 et
720 3776 761 3841 78
792 3794 860 3860 sqq.
894 3775 959 3841 iam
992 3783 1078 3844 recte
1107 3797 1127 3840 a
1152 3775 1308 3860 Rupertio
1338 3764 1374 3833 ad

375 4014 402 4087 1)
421 4015 467 4071 Sic
485 4021 600 4076 correxit
618 4019 749 4076 Schrader
766 4037 815 4092 pro
834 4018 983 4086 ‚vooantur'
1001 4019 1105 4090 (Herm.
1124 4019 1172 4092 IV,
1190 4038 1216 4091 p.
1235 4019 1296 4091 345)
1319 4024 1372 4071 cum

267 4119 368 4174 magna
387 4106 640 4164 verisimilitudine
661 4114 688 4165 et
705 4110 896 4181 simplicitate:
924 4112 952 4163 et
970 4112 1037 4179 quot
1061 4125 1149 4177 nugas
1171 4107 1223 4164 hoc
1246 4109 1303 4164 loco
1319 4107 1372 4158 ton·

266 4193 350 4249 tundo
368 4194 472 4264 peperit
489 4195 635 4266 Withodus
654 4197 776 4268 (Rupert.
795 4196 909 4255 addend.
929 4200 957 4251 et
974 4197 1123 4267 corrigend.
1143 4216 1169 4270 p.
1188 4196 1264 4269 lesu
