2908 4724
629 301 670 368 87

53 488 210 554 siderate
247 487 283 554 is
325 488 451 554 electus
482 493 531 552 est
562 507 584 550 a
605 486 696 552 Silio.
740 485 840 550 Disco
871 484 957 548 enim
987 503 1028 548 ex
1049 482 1211 550 Vincentii

56 591 103 654 de
132 590 214 656 Vitii
238 597 307 656 tot.
343 589 473 654 Latinit
498 595 654 653 onomast
682 587 709 668 Ι,
728 606 761 670 p.
784 585 846 654 735
867 584 1000 670 ,Bogud’
1027 584 1096 650 veri
1122 585 1210 650 simi·

60 691 143 758 liter
177 709 257 758 esse
299 711 426 758 nomen
454 690 597 756 Punicae
629 688 782 772 originis,
817 688 901 771 quod
928 687 1055 766 (liceto,
1087 686 1211 768 Liuius,

63 801 154 858 auct
178 794 259 860 bell.
288 793 379 874 Ain,
402 791 575 859 Suetonius
597 790 727 874 quidem
755 790 881 872 integre
908 791 1122 867 servaverint,
1153 789 1212 856 sed

66 915 135 960 uon
159 895 277 960 solum
305 893 409 962 Silius
437 895 470 960 in
498 893 645 974 alteram,
678 902 712 958 ut
741 892 787 956 ita
813 892 929 964 dicam,
962 892 1211 958 declinationem

66 997 389 1075 transformaverit,
438 1015 549 1062 verum
598 995 695 1060 etiam
749 993 897 1060 Strabon.
964 993 1026 1072 Qui
1076 994 1210 1078 saepius

66 1100 124 1184 (Il,
152 1101 173 1165 3
205 1103 228 1181 ξ
255 1100 283 1166 4
310 1100 387 1166 etb
414 1121 457 1160 =
483 1119 515 1182 p.
539 1098 721 1176 100-1023
756 1096 980 1176 v111‚4§3
1007 1123 1051 1156 =
1077 1115 1108 1178 p.
1131 1095 1210 1173 359;

65 1200 170 1274 XVII,
194 1204 218 1268 3
246 1202 269 1285 ἓ
296 1202 378 1268 5:
392 1220 423 1284 p.
440 1201 501 1266 827
525 1207 557 1265 et
578 1201 597 1284 ἕ
621 1201 698 1264 7:
714 1218 745 1282 p.
757 1199 833 1282 828)
855 1197 968 1281 Bo'yov
992 1193 1051 1264 τὸν
1071 1199 1212 1279 βασιλέα

68 1306 138 1367 τῶν
166 1305 415 1390 Μαυρουσίων
437 1309 602 1368 memorat.

179 1405 376 1492 Veniamus
409 1423 495 1470 nunc
526 1403 569 1467 ad
600 1422 742 1486 pugnam
774 1402 887 1486 ipsam.
932 1402 983 1466 De
1015 1420 1078 1484 qua
1110 1419 1211 1484 agens

67 1505 326 1589 Heynacberus
363 1506 453 1590 (diss.
486 1525 518 1589 p.
548 1495 599 1577 25,
628 1507 667 1571 12
699 1512 732 1568 ct
763 1523 870 1588 progr.
901 1524 933 1589 p.
957 1501 1084 1588 22,12)
1116 1501 1212 1566 anxie

69 1619 230 1672 recenset
256 1607 452 1674 discrimina
467 1609 550 1672 iuter
566 1615 681 1690 poetae
696 1614 728 1670 et
742 1606 966 1671 historicorum
982 1604 1211 1686 narrationem,

72 1709 164 1774 velut
188 1711 323 1778 Silium
345 1717 458 1776 contra
481 1729 592 1774 eorum
622 1707 808 1774 testimonia
832 1707 943 1772 Gallos
967 1706 1212 1791 Carthaginien·

72 1808 161 1876 sibus
186 1815 310 1879 socios
333 1813 445 1891 fuisse,
468 1811 654 1894 Scipionem
678 1808 789 1876 Gallos
811 1809 907 1892 fugae
930 1809 1112 1887 mandasse,
1140 1827 1212 1874 cum

80 1913 265 1980 secundum
291 1915 419 1982 Livium
448 1912 548 1992 (XXI,
578 1932 604 1976 c.
626 1913 669 1978 46
700 1911 762 1993 §6
795 1917 828 1974 et
850 1909 885 1992 l)
917 1910 1077 1978 Numidae
1105 1915 1211 1996 potius

84 2011 192 2080 Sallus
216 2036 302 2082 cum
325 2017 479 2080 Romanis
502 2013 717 2097 coniunctos1)
740 2011 925 2094 repulerint,
948 2013 1122 2096 Magonem
1143 2015 1211 2080 Nu·

88 2114 178 2181 midis
199 2118 411 2201 praefecisse
447 2135 507 2181 nec
533 2115 576 2194 iis
611 2135 770 2180 summum
800 2116 833 2180 iu
865 2124 981 2181 eventu
1010 2116 1124 2199 proelii
1145 2135 1212 2182 mo·

86 2226 228 2284 mentum
255 2219 420 2285 tribuisse.
465 2217 541 2297 Sed,
575 2218 660 2300 quod
693 2219 734 2282 ab
756 2218 848 2283 initio
880 2237 1005 2296 moneo,
1033 2219 1223 2284 cavendum.

82 2327 209 2398 estne
233 2321 393 2388 maiorem
420 2330 536 2404 poetae
567 2322 632 2386 vim
656 2319 833 2388 inferamus
861 2340 957 2403 quam
987 2340 1046 2404 par
1075 2329 1135 2387 cst.
1177 2322 1212 2388 Is

86 2418 113 2482 si
134 2428 243 2488 totum
276 2441 405 2506 pugnae
431 2441 533 2506 genus
560 2441 600 2486 ex
627 2441 731 2487 rerum
759 2423 896 2490 historia
917 2430 1035 2500 servat,
1064 2423 1093 2488 si
1122 2441 1214 2507 prae·

86 2528 176 2588 terea
200 2525 375 2609 egregium
398 2525 558 2607 quoddam
589 2523 719 2602 fuctum,
748 2525 831 2607 quod
859 2543 986 2608 pugnae
1015 2524 1107 2607 quasi
1136 2531 1214 2590 nota

86 2621 244 2712 inscripta
269 2635 329 2706 est,
352 2627 479 2708 retinet,
513 2627 542 2690 si
570 2625 708 2707 denique
736 2634 887 2691 eventum
915 2627 1015 2692 talem
1049 2625 1213 2709 describit,

85 2728 218 2806 qualem
243 2750 266 2794 a
287 2727 497 2811 scriptoribus
520 2726 670 2793 traditum
694 2727 818 2809 accepit
844 2727 924 2792 satis
954 2745 1112 2810 superque
1135 2728 1214 2794 mihi

89 2825 208 2896 fecisse
248 2851 307 2914 pro
345 2850 404 2896 sua
438 2833 530 2914 parte
569 2829 705 2894 videtur.
753 2830 851 2911 Atqui
883 2828 983 2895 Silius
1019 2848 1084 2895 non
1118 2829 1213 2896 modo

87 2933 283 3015 saepissime
306 2932 387 3020 (vss.
410 2933 461 3011 93,
484 2932 534 3013 97,
559 2933 629 3004 139,
654 2930 716 2994 144
737 2949 805 3014 sqq.
829 2933 904 3014 etc.)
926 2949 1069 3014 pugnam
1092 2932 1134 2996 ad
1153 2932 1211 2998 Ti·

91 3030 197 3100 cinum
214 3036 420 3102 commissam
436 3033 537 3098 luisse
552 3032 709 3117 proelium
725 3031 942 3116 sequestret)
964 3041 1076 3116 aperte
1091 3035 1215 3102 indicat
1303 3051 1310 3068 '

89 3135 124 3198 et
145 3135 313 3222 Scipionis
335 3143 448 3221 postea
470 3135 617 3198 Africani
641 3135 768 3200 maioris
792 3133 985 3230 cognomine
1007 3136 1149 3202 decorati
1171 3137 1224 3202 de»

92 3243 183 3315 patre
215 3239 382 3316 meritum,
415 3237 504 3302 cuius
527 3235 698 3320 unicuique
731 3238 962 3317 Romanorum,
998 3238 1053 3320 qui
1086 3257 1213 3321 pugnae

92 3425 308 3442 Q.—

201 3547 229 3614 1)
248 3545 281 3602 In
299 3547 351 3602 hoc
368 3546 480 3612 erravit;
507 3560 570 3600 nam
598 3561 653 3600 non
670 3547 776 3616 equites
795 3545 876 3613 Galli,
904 3547 953 3602 sed
979 3547 1142 3602 iaculatores
1160 3545 1214 3600 Ro-

13 3661 15 3666 ·
96 3634 170 3687 mani
187 3635 293 3704 fugisse
312 3651 328 3689 a
345 3635 422 3690 Livio
441 3635 578 3690 dicuutur.
1224 3665 1227 3676 ·

201 3724 229 3792 2)
247 3723 392 3794 ἱππομαχία
410 3725 468 3794 ΡοΙ.
487 3722 538 3787 ΙΙΙ,
551 3723 594 3788 68,
613 3725 630 3794 9
648 3725 674 3780 9.
711 3723 740 3778 Si
759 3741 797 3782 vs.
816 3725 868 3780 238
888 3725 987 3794 ‚pedcs'
1006 3725 1146 3802 considam
1163 3740 1213 3794 ag·

99 3810 222 3874 graditur
239 3829 289 3868 nec
306 3813 392 3868 Butos
410 3829 450 3869 vs.
475 3813 528 3868 239
546 3830 586 3883 sq.
611 3814 644 3868 de
664 3830 732 3884 equo
755 3829 892 3884 pugnasse
910 3814 1031 3879 videtur„
1050 3815 1132 3882 poeta
1158 3815 1228 3870 veri>

100 3895 181 3954 simili
198 3901 279 3956 modo
297 3902 399 3956 multos
417 3902 450 3957 de
467 3903 547 3974 equis
566 3902 710 3966 desiluisse
729 3902 799 3974 (Pol.
818 3901 869 3970 111,
881 3902 924 3966 65,
943 3902 990 3972 §9
1010 3905 1038 3958 et
1055 3901 1113 3957 Liv.
1133 3919 1156 3958 c.
1171 3904 1215 3971 46,

100 3981 117 4050 ὅ
134 3985 161 4055 6)
179 3991 315 4056 meminit3
333 3991 359 4045 si
377 3987 507 4045 Gallius.
526 3991 580 4046 300
598 3991 721 4060 ,pedibus
740 4009 768 4046 se
787 3990 903 4046 credere’
921 3991 1057 4058 dicuutur,
1084 3991 1147 4047 inde
1171 3991 1216 4044 vix

100 4077 171 4131 uerte
190 4079 279 4146 colligi
297 4083 398 4147 potest,
426 4082 518 4134 utrum
546 4097 675 4150 equorum
704 4097 737 4135 au
766 4079 823 4134 suis
852 4080 967 4149 pedibus
985 4084 1065 4150 terga
1084 4079 1215 4149 dederint,

101 4173 158 4216 eum
176 4167 226 4220 illa
244 4167 345 4221 locutio
365 4168 516 4232 simplicem
535 4172 645 4222 tantum
662 4168 787 4236 fugiendi
805 4169 861 4224 vim
878 4169 989 4226 habeat.
