2936 4718
653 309 692 375 19

108 496 178 578 (vs.
203 492 278 578 105)
293 493 315 578 )·
359 493 464 558 Mater
485 513 559 558 vero
582 493 661 573 eius,
684 513 767 576 quae
789 501 839 558 est
861 493 1028 576 cupiditas,
1052 514 1114 578 qua
1133 495 1231 580 satyri

108 594 226 660 nitidis
249 595 397 661 arborum
426 595 643 678 silvarumque
675 595 795 660 deabus
827 594 1030 676 insidiantur,
1064 595 1133 661 fieri
1167 615 1231 662 non

107 698 228 781 potuit,
250 697 326 781 quin
348 696 492 781 nympha
514 707 607 762 esset.
652 697 755 774 Quam
773 696 883 777 Silius,
906 697 989 761 forte
1010 706 1045 762 ut
1066 697 1232 780 regionem

108 801 212 866 fluvio
234 800 385 877 vicinam,
408 799 514 882 qualis
537 798 598 863 luit
616 799 726 863 Baetis
749 797 954 865 Castulonem
980 798 1231 882 praeterlapsos,

111 902 328 978 adumbraret,
362 901 511 966 alludens
545 901 640 965 simul
677 901 718 964 ad
747 900 938 977 Maricae,
973 919 1056 982 quae
1088 899 1232 985 nympha

110 1004 223 1068 Latini
245 1002 332 1084 regis
356 1011 457 1066 mater
481 1002 665 1083 habebatur,
688 1022 805 1067 nomen
828 1002 940 1067 eadem
955 1022 1106 1067 mensura
1121 1001 1231 1066 simili-

110 1124 174 1189 que
197 1123 278 1170 sonc
302 1104 432 1185 elatum,
455 1112 530 1188 apte
553 1104 728 1188 Myrioen
752 1105 928 1189 appellavit
951 1105 1011 1188 (vs.
1029 1106 1112 1187 103).
1135 1103 1232 1167 Nam·

107 1227 173 1291 que
200 1205 351 1290 myrice
374 1206 502 1290 Heynio
525 1213 655 1271 auclore
677 1207 718 1272 ad
740 1207 835 1289 Verg.
857 1207 959 1288 eclog.
982 1206 1067 1284 IV,2
1090 1205 1231 1288 ,virgulti

108 1311 227 1392 genus‘
251 1321 310 1386 est,
334 1308 427 1391 ,quod
451 1307 539 1391 ripas
561 1307 727 1372 fluminum
751 1308 898 1374 obsidere
914 1308 1017 1374 solet'.
1062 1309 1114 1372 Ita
1132 1315 1232 1370 totum

108 1413 306 1494 phantasma
329 1409 401 1476 Silii
430 1411 561 1492 ingenio
588 1412 709 1474 textum
740 1411 833 1493 quasi
862 1410 896 1474 in
932 1409 1061 1493 singula
1089 1409 1145 1473 fila
1171 1427 1231 1472 sua

111 1513 281 1580 solvimus:
305 1521 337 1576 et
359 1512 573 1577 assentiemur
596 1511 760 1589 Oceiouio,
783 1514 838 1596 qui
861 1511 950 1594 ,Gaio
974 1513 1054 1579 Silio
1076 1511 1189 1576 Italico
1213 1529 1230 1574 e

108 1616 134 1681 il
168 1635 225 1681 suo
258 1612 404 1698 poema'²
432 1633 462 1696 p.
491 1614 553 1679 397
585 1615 625 1677 de
658 1616 767 1679 nostro
810 1616 879 1681 loco
915 1615 993 1680 dicit
1029 1615 1078 1694 ,In
1116 1620 1230 1697 questo

110 1717 281 1800 miscuglio
310 1716 342 1781 di
366 1715 550 1780 erudizioue
574 1734 591 1779 e
614 1715 648 1778 di
670 1715 780 1781 favola
802 1715 819 1780 e
843 1717 982 1782 soltanto
1004 1716 1232 1782 storicamcute

112 1839 191 1884 vera
213 1819 436 1901 l’importanza
457 1817 542 1882 della
566 1817 643 1882 citta
665 1818 698 1881 di
714 1819 897 1900 Castulone,
920 1825 1072 1886 attestata
1094 1817 1136 1880 da
1157 1816 1230 1881 Tito

113 1921 208 1984 Livio
241 1921 296 1984 nel
327 1920 381 1983 lib.
405 1919 519 1988 XXIV.
547 1940 615 2003 cap.
643 1919 705 1986 41’.
749 1919 872 1998 Quodsi
900 1921 992 1985 Thilo
1022 1929 1142 2003 quaest.
1174 1919 1230 1985 Sil.

115 2023 184 2086 crit.
207 2039 237 2104 p.
260 2023 300 2087 21
325 2020 405 2086 duas
429 2023 461 2086 in
485 2021 535 2087 his
559 2021 704 2088 versibus
727 2022 944 2098 recensiones,
972 2041 1054 2105 quas
1085 2021 1231 2099 dicimus,

114 2123 339 2208 deprehendit:
379 2125 493 2190 Silium
527 2123 664 2208 primum
697 2122 826 2190 Imiloes
867 2123 1000 2206 stirpem
1033 2143 1054 2187 a
1086 2122 1230 2188 Castalio

114 2225 263 2290 derivare
285 2234 434 2292 conatum
460 2229 584 2310 postea,
618 2245 690 2290 oum
724 2226 757 2289 id
791 2245 862 2290 cum
893 2227 1017 2310 patriae
1048 2225 1231 2291 Castulonis

110 2329 243 2393 nomine
266 2348 330 2393 non
354 2329 434 2393 satis
451 2336 641 2412 congrueret
656 2336 688 2392 et
709 2328 830 2393 frustra
846 2327 885 2391 ad
903 2337 1037 2394 matrem
1057 2326 1230 2393 conditoris

114 2431 325 2512 confugisset,
354 2431 497 2494 fabulam
521 2430 561 2494 de
583 2429 717 2494 Milicho
740 2437 964 2510 commentum,
992 2439 1026 2494 at
1048 2450 1230 2514 superiores

113 2551 229 2597 versus
266 2531 438 2596 emendare
474 2533 606 2597 oblitum
641 2551 714 2596 csse
746 2570 789 2579 -
819 2541 988 2615 postquam
1020 2533 1232 2615 interrogavit

113 2634 206 2718 ,Nam
228 2621 293 2716 quo
315 2633 383 2696 iure
398 2633 522 2706 Imilce,
540 2635 629 2698 cuius
644 2641 776 2715 gentem
791 2654 810 2697 a
826 2633 958 2698 Milicho
974 2634 1073 2700 Silius
1090 2635 1231 2712 deduxit,

113 2756 161 2800 vs.
184 2736 223 2801 91
248 2733 381 2800 Castalii
404 2736 537 2817 sanguis
561 2736 727 2800 nominata
750 2735 821 2800 est‘?
853 2735 1020 2812 Quomodo
1044 2735 1185 2815 Gaetulo,
1211 2757 1231 2801 a

114 2838 230 2902 matris
252 2837 383 2901 nomine
405 2836 501 2911 diota,
525 2837 582 2901 lilii
607 2838 799 2920 cognomina
829 2857 960 2901 servare
983 2837 1106 2921 potuit?
1140 2838 1231 2916 Quae

113 2939 246 3002 fuerunt
268 2937 325 3002 illa
341 2939 562 3019 cognomina’?
578 2978 617 2986 -
636 2938 791 3004 mendosa
802 2940 1068 3022 interpretatione
1081 2959 1231 3004 versuum

115 3042 156 3106 98
179 3050 211 3104 et
232 3041 273 3105 99
288 3040 439 3123 deceptus
456 3039 582 3104 videtur
607 3061 690 3122 esse,
713 3061 794 3125 quac
817 3040 945 3124 quidem
970 3042 999 3127 ei
1015 3061 1086 3106 eum
1103 3043 1231 3107 editori·

115 3145 172 3208 hus
195 3142 371 3208 communis
394 3151 452 3206 est.
496 3141 576 3222 ,Gui'
602 3145 687 3207 enim
703 3144 748 3229 (in
765 3142 870 3226 priore
886 3152 1005 3224 versu),
1028 3145 1102 3226 quia
1121 3145 1231 3222 ,Phoe-

115 3246 192 3310 beus
215 3247 315 3310 vates'
345 3244 415 3308 sine
442 3243 538 3309 dubio
562 3245 737 3311 Castalium
766 3245 935 3327 significat,
966 3266 1031 3309 non
1061 3246 1103 3310 ad
1137 3246 1230 3327 hunc,

115 3347 170 3412 sed
201 3347 307 3431 potius
334 3346 375 3409 ad
406 3346 565 3410 Himilcen
593 3346 796 3411 referendum
822 3357 879 3416 est.
925 3347 1017 3426 Quod
1046 3368 1110 3412 non
1136 3349 1230 3414 modo

116 3468 154 3513 eo
185 3447 400 3526 confirmatur,
434 3448 516 3532 quod
548 3449 587 3513 de
610 3449 677 3530 illa,
710 3470 774 3514 non
804 3449 843 3514 de
871 3449 1025 3530 Castalio,
1058 3451 1229 3533 praeeique

116 3551 228 3632 agitur,
251 3550 307 3615 sed
331 3549 428 3614 etiam
452 3569 500 3632 ec,
523 3551 606 3634 quod
630 3551 663 3614 in
687 3571 732 3616 vs.
752 3553 812 3617 100
833 3551 947 3617 eadem
970 3551 1103 3615 subiecti
1126 3553 1230 3615 vicem

115 3652 260 3718 sustinet.
304 3652 378 3715 Pari
409 3652 503 3716 modo
536 3653 679 3718 dativum
716 3652 787 3734 ,cui'
827 3673 891 3717 non
925 3672 996 3716 cum
1030 3653 1230 3722 substantivo

222 3904 250 3976 1)
267 3904 371 3960 Iniuria
387 3905 488 3976 Papius
506 3905 538 3976 (s.
557 3906 699 3974 Beuselcr)
717 3907 797 3962 lexioi
824 3906 965 3960 nominum
982 3906 1094 3974 linguae
1113 3907 1230 3962 Graecae

116 3995 282 4064 propriorum
299 3993 339 4048 ³11
356 4011 383 4064 p,
401 3996 454 4051 883
478 4012 510 4050 ex
533 3996 585 4050 hoc
607 4012 687 4049 vorsu
715 3995 851 4056 conclusit
871 3991 994 4060 ‚Mclhpov
1019 3995 1103 4050 fuisse
1128 4012 1230 4050 numen

115 4083 290 4138 Phoenicium
309 4084 398 4152 capita
417 4086 538 4141 cornuto.

220 4171 247 4241 2)
266 4171 306 4225 vd
326 4188 349 4226 c.
368 4189 395 4240 g.
413 4172 495 4240 Verg.
515 4172 581 4226 Aen.
601 4170 662 4240 VII,
679 4174 723 4231 47.
761 4171 861 4230 Lucan.
879 4170 915 4240 Il,
934 4173 995 4228 424.
