2936 4718
784 287 832 354 48

253 472 379 538 interno
407 471 555 539 Herculis
590 471 748 538 columnis
784 472 945 554 superatis
977 471 1117 555 primum
1147 471 1190 534 in
1226 469 1421 537 Oeeanum

250 573 479 656 navigantibus
513 594 670 640 summam
702 573 948 638 admirationem
980 573 1097 638 afferre
1124 573 1250 638 solet:
1300 581 1421 636 aestus

251 695 309 761 per
330 684 418 742 certa
440 676 612 741 intervalla
627 676 765 741 invicem
780 693 855 740 orae
870 673 957 738 allisi
972 683 1004 740 et
1017 674 1273 740 retrolabentis
1293 693 1420 756 aspec-

253 784 314 842 tus.
359 777 429 842 Hac
449 776 622 842 occasione
645 775 797 842 carminis
819 774 957 839 ornandi
980 774 1057 840 data
1070 777 1213 842 tumidis
1235 776 1374 841 verbis
1390 781 1421 838 et

252 878 410 944 coloribus
444 877 665 962 pinguissimis
692 876 910 960 spectaculum
939 897 1042 961 aquae
1064 878 1262 945 crescentis
1297 887 1339 942 et
1363 877 1417 940 de-

252 977 390 1046 ficientis
423 979 540 1046 accolis
572 980 670 1043 maris
692 977 919 1042 Mediterranei
941 978 1085 1061 ignotum
1108 981 1295 1063 depingit,
1325 979 1418 1061 quod

252 1080 468 1148 Hannibalem
492 1101 616 1166 quoque
637 1093 715 1146 tuno
736 1079 873 1162 primum
889 1079 1037 1146 intuitum
1053 1101 1126 1148 esse
1141 1082 1314 1146 affirmat
1326 1083 1412 1163 (vss.

252 1183 322 1252 45-
337 1184 401 1267 60).
445 1185 514 1250 Hoc
543 1201 697 1249 verumne
727 1181 832 1246 sitan
855 1181 1026 1261 Hannibal,
1048 1185 1104 1266 qui
1126 1183 1206 1248 iude
1235 1185 1290 1248 ab
1319 1201 1413 1246 anno

252 1287 316 1353 236
338 1306 367 1350 a.
391 1285 447 1352 ch.
469 1281 500 1350 n.
528 1286 561 1349 in
586 1283 745 1367 Hispania
766 1283 963 1361 versabatur,
991 1285 1086 1350 miras
1111 1284 1285 1350 fluctuum
1312 1285 1409 1349 vices

252 1385 317 1453 iam
341 1388 429 1472 'prius
452 1386 579 1462 viderit,
603 1393 690 1450 certo
713 1384 853 1450 discerni
875 1405 941 1450 nou
955 1396 1071 1469 potest.
1116 1387 1242 1470 Utique
1263 1407 1314 1452 ex
1332 1385 1407 1452 Silii

254 1489 400 1554 versibus
422 1509 493 1554 euru
518 1496 583 1551 tum
607 1486 745 1570 primum
767 1485 827 1550 boc
850 1487 924 1551 litus
950 1487 1101 1554 visitasse
1123 1507 1162 1554 eo
1177 1489 1306 1554 minus
1325 1507 1403 1553 con-

252 1589 338 1654 cludi
363 1589 447 1668 licet,
468 1589 552 1674 quod
575 1587 800 1670 imperatorum
817 1589 1034 1654 Romanorum
1055 1591 1260 1672 temporibus
1291 1589 1401 1659 multi,
1440 1645 1441 1676 ,

253 1691 352 1756 etiam
385 1709 424 1756 ex
456 1690 640 1774 longinquis
673 1691 872 1773 regionibus,
917 1692 1016 1756 maris
1053 1692 1211 1775 reciproci
1251 1690 1398 1758 videndi

253 1792 359 1858 studio
383 1791 491 1858 Gades
514 1791 702 1876 petebant1)

358 1896 509 1960 Attamen
533 1895 646 1960 Silius.
663 1915 701 1958 ne
733 1893 784 1959 bis
810 1893 938 1977 quidem
967 1902 1135 1959 contentus
1158 1896 1393 1960 Hannibalem

252 1995 392 2079 coniugi,
414 2016 505 2080 quam
530 1999 563 2061 in
587 1997 729 2062 Africam
752 1997 944 2062 remissurus
967 2006 1026 2074 est,
1049 1996 1297 2063 valedicentem
1332 1996 1392 2060 ad-

253 2098 360 2181 nectit,
382 2098 487 2181 quode
509 2119 606 2184 supra
628 2100 671 2183 (p.
689 2099 728 2164 lb
750 2099 834 2182 sqq.)
861 2099 1105 2181 disputavimus.

683 2343 740 2421 Ill,
765 2342 940 2407 158-2‘21.

255 2459 431 2548 Somnlum,
454 2479 517 2550 quo
540 2463 720 2536 llsrcurius
742 2463 911 2535 llanniball
939 2466 1076 2552 apparet
1098 2467 1133 2536 ct
1154 2464 1383 2554 expeditionis

506 2570 539 2640 ln
565 2571 688 2644 ltaliam
711 2571 940 2659 suscipiendae
961 2572 1125 2643 admouet

361 2706 425 2772 Sed
448 2709 511 2774 iam
535 2718 664 2796 tempus
687 2710 799 2776 estad
822 2710 926 2792 ipsum
951 2711 1026 2775 belli
1049 2712 1174 2776 initium
1198 2713 1382 2795 pervenire.

254 2808 306 2878 Ad
329 2810 412 2894 quod
435 2811 596 2878 transiens
618 2813 734 2880 Silium
757 2814 915 2878 somnium
940 2813 1132 2878 Hannibalis
1153 2815 1300 2879 amultis
1321 2829 1379 2876 nec

255 2920 361 2976 tamen
386 2913 457 2978 sine
473 2913 689 3000 discrepantia
704 2915 865 2992 traditum,
888 2934 949 2998 quo
973 2925 1007 2978 ut
1029 2916 1060 2979 in
1088 2916 1213 2979 ltaliam
1231 2915 1379 2998 proficis·

256 3017 391 3094 teretur,
414 3015 572 3098 impulsus
595 3017 646 3097 sit,
669 3024 793 3080 narrat:
826 3015 1012 3097 Mercurius,
1034 3037 1054 3080 a
1076 3015 1158 3082 Jove
1181 3017 1314 3090 missus,
1338 3012 1377 3080 ad

255 3112 358 3178 virum
392 3115 456 3180 iarn
489 3137 548 3202 per
581 3137 616 3184 se
645 3117 816 3202 impigrum
846 3125 878 3182 et
904 3119 958 3182 vix
986 3137 1136 3202 umquam
1158 3120 1378 3203 quiescentem

255 3214 380 3280 accedit
409 3225 442 3280 et
469 3217 734 3301 reprehendentis
765 3219 859 3286 modo
887 3239 959 3285 eum
982 3220 1376 3308 interrogat(vss.158e

254 3317 340 3401 221).
374 3318 533 3404 quomodo
568 3319 698 3385 taudem
730 3319 801 3385 fieri
830 3322 945 3405 possit,
971 3330 1007 3388 ut
1027 3323 1181 3402 dormiat,
1205 3344 1283 3390 num
1306 3327 1377 3409 post
1440 3319 1441 3324 ’

257 3420 435 3502 Saguntum
460 3429 676 3504 expugnatum
700 3423 895 3504 compressis
910 3425 1056 3492 manibus
1070 3424 1184 3490 sedere
1199 3426 1286 3496 velit,
1307 3442 1373 3490 oum

256 3521 321 3586 iam
362 3541 463 3587 naves
498 3522 662 3588 Romanae
699 3523 839 3608 undique
873 3545 931 3608 per
963 3527 1066 3590 muria
1096 3527 1251 3591 volitent?
1295 3527 1373 3591 Tum

245 3621 558 3688 ‘Hannibalemnon
582 3624 810 3707 respicientem
841 3645 877 3690 se
899 3629 990 3711 sequi
1012 3627 1106 3692 iussit
1133 3646 1267 3711 eumque
1289 3624 1371 3693 festi-

245 3731 372 3788 ·nanter
395 3743 503 3788 secum
527 3724 558 3788 in
573 3724 700 3791 Italiam
724 3748 838 3811 rapere
859 3729 948 3794 visus
964 3737 1022 3807 est,
1047 3749 1117 3794 cum
1134 3729 1239 3794 subito
1255 3738 1371 3814 strepor

244 3817 290 3890 set
319 3825 502 3910 linguarum
535 3825 708 3893 furentium
737 3830 851 3896 sibilus
878 3829 1060 3894 audiuntur.
1105 3829 1226 3912 Quibus
1250 3830 1368 3898 territus

246 4107 297 4198 ‚us
360 4049 445 4198 1lgsscl.
465 4051 657 4110 Frisdlaondsr
670 4055 884 4123 Darstellungen
905 4071 954 4110 aus
973 4053 1281 4124 derSittcngescbicbte
1295 4059 1366 4114 Romo

247 4191 251 4202 .
314 4155 339 4208 p.
428 4154 470 4208 il·
1011 4185 1015 4190 .
