2936 4718
647 320 689 385 49

79 515 138 579 et,
177 505 255 590 quid
287 505 383 571 modo
418 504 500 569 deus
529 504 691 585 vetuisset,
720 504 838 568 oblitus
878 521 913 568 se
952 502 1171 568 circumvertit
1197 510 1231 568 et

85 610 277 674 immanem
307 616 495 690 serpentem
519 605 617 687 videt,
650 607 705 688 qui
727 616 820 671 vasto
843 605 925 670 rictu
948 613 1075 688 patens,
1098 606 1229 678 tonitru,

86 710 278 794 grandine,
311 709 405 776 imbri
437 708 534 773 simul
568 708 824 791 increpantibus,
864 707 961 790 spiris
1001 707 1066 772 sui's
1099 709 1229 773 arbores

91 831 245 895 saxaque
268 811 381 896 rapide
403 810 519 874 aufert.
564 808 649 888 Quid
673 810 734 874 hoe
748 817 892 873 monstro
908 807 1118 890 significetur,
1132 827 1229 892 quae·

93 915 186 979 renti
207 913 432 997 respondetur:
456 913 670 976 vastationem
695 911 811 977 Italiae
834 909 904 974 eius
927 910 1165 994 expeditionem
1180 931 1229 977 se-

91 1025 248 1081 cuturam
270 1034 351 1080 esse.
396 1012 467 1091 Quo
490 1014 595 1078 laetus
610 1014 705 1080 simul
720 1021 753 1078 et
768 1011 902 1076 terribili
918 1022 1051 1095 aspecto
1063 1011 1230 1099 borreum)

74 1118 339 1202 expergiscitur
352 1127 394 1197 et,
407 1125 579 1198 postquam
602 1126 729 1199 praeter
751 1113 883 1178 deorum
908 1129 1017 1195 regem
1040 1120 1074 1180 et
1095 1115 1230 1179 Martem

90 1221 282 1305 praecipue
304 1218 460 1282 Mercurio
484 1227 576 1282 tauro
601 1218 674 1282 albo
697 1235 791 1281 saera
811 1215 900 1293 lecit,
922 1215 1030 1280 statim
1055 1217 1149 1298 signa
1163 1218 1229 1282 m'o·

93 1341 180 1386 rere
204 1309 378 1385 coustituit.
416 1320 486 1383 Hoc
510 1319 653 1386 Gadibus
676 1317 794 1384 lactum
818 1337 903 1408 esse,
927 1337 998 1383 cum
1015 1317 1126 1382 Livius
1141 1319 1230 1399 XXI,

94 1424 143 1488 22
168 1423 188 1504 ἕ
210 1423 231 1486 6
253 1421 354 1486 alium
375 1421 493 1500 locum,
517 1439 626 1485 rtusus
649 1420 749 1485 allum
772 1420 915 1484 Zonaras
941 1420 1027 1491 VIll,
1049 1421 1146 1503 221),
1169 1422 1230 1488 Sa-

97 1536 240 1606 guntum
267 1521 425 1602 Sileucs2)
458 1543 510 1606 ap.
533 1522 634 1587 Cicer.
658 1523 699 1586 de
721 1522 820 1586 divin.
842 1523 867 1600 Ι,
898 1523 942 1587 24
962 1525 982 1602 ξ
1003 1523 1045 1587 49
1077 1524 1230 1603 nominet,

101 1625 336 1708 Heynacberus
359 1625 525 1688 contendit
547 1624 639 1702 (diss.
664 1643 694 1706 p.
719 1625 769 1701 19,
793 1642 899 1706 progr.
924 1643 954 1705 p.
973 1624 1035 1706 18).
1067 1624 1145 1690 ¹Sed
1165 1632 1230 1689 tam

98 1727 189 1810 apud
212 1726 342 1790 Livium
364 1745 460 1808 quam
481 1725 566 1808 apud
582 1723 742 1788 Zouaram
764 1744 815 1789 res
838 1725 879 1788 ad
900 1725 1028 1790 Iberum
1050 1725 1156 1806 agitur
1170 1745 1230 1791 nec

99 1827 219 1893 Cicero
244 1827 455 1892 Hannibalem
483 1827 644 1892 somnium
666 1825 803 1908 Sagunti
830 1825 949 1890 vidisse
977 1827 1033 1904 ait,
1068 1828 1125 1892 sed
1148 1847 1229 1908 ‚cum

103 1929 249 2012 cepisset
276 1929 478 2010 Saguntum’,
506 1938 541 1992 ut
567 1927 629 1992 bae
657 1939 722 1993 tres
745 1927 919 1991 relationes
941 1945 1054 1990 omnes
1079 1929 1110 1990 iu
1134 1948 1231 1994 unam

105 2040 231 2095 coeant.
274 2031 394 2113 Neque.
411 2049 487 2094 vero
511 2030 611 2096 Silius
635 2031 748 2108 locum,
772 2030 823 2094 ubi
847 2028 1029 2111 prodigium
1048 2029 1230 2110 accidisset,

107 2133 217 2198 Gades
244 2133 346 2197 fuisse
374 2133 494 2198 diserte
524 2140 673 2210 testatus,
708 2132 764 2196 sed
786 2130 893 2214 potius
916 2131 949 2194 in
972 2149 1066 2196 versu
1090 2131 1150 2196 159
1171 2131 1232 2197 bac

105 2234 202 2300 valde
225 2239 361 2300 obscura
383 2236 589 2318 expressione
611 2253 688 2298 usos
709 2243 759 2297 est
781 2233 906 2316 ‚repetit
933 2240 1103 2315 properato
1126 2250 1230 2296 moe-

102 2337 171 2400 nia
204 2335 366 2418 gressu’.⁸)
418 2339 476 2402 His
509 2338 677 2402 moenibus
701 2336 808 2401 Gades
840 2334 1006 2418 designari
1029 2353 1068 2399 ex
1101 2353 1231 2416 praece.

104 2439 255 2502 dentibus
292 2448 458 2522 exspectet
485 2439 612 2521 aliquis.
656 2439 807 2503 Attamen
840 2437 1094 2520 quotiescunque
1127 2435 1232 2502 locum

106 2559 232 2604 mecum
256 2541 414 2623 reputavi,
437 2559 565 2623 semper
588 2553 685 2622 poeta
713 2539 859 2604 consulto
882 2541 981 2605 verba
1003 2538 1060 2602 illa
1082 2538 1233 2620 ambigua

110 2642 257 2725 posuisse
290 2642 380 2708 visus
413 2652 472 2724 est,
506 2652 541 2705 ut
572 2659 684 2706 omues
711 2642 879 2723 scrupulos
907 2642 983 2705 iude
1008 2648 1112 2721 natos,
1149 2640 1232 2723 quod

109 2743 270 2808 Hannibal
295 2745 471 2809 exercitum
492 2763 608 2826 reapse
631 2743 827 2824 Cartbagine
850 2743 942 2808 Nova
964 2739 1100 2823 reliquit,
1123 2742 1232 2806 animo

108 2847 262 2910 eximeret
290 2855 322 2910 et
349 2846 478 2910 lectoris
508 2845 754 2928 cogitationibus
777 2845 869 2925 quasi
891 2844 978 2908 viam
1000 2843 1147 2920 muniret,
1170 2863 1232 2927 qua

110 2947 151 3010 ad
174 2947 257 3011 banc
280 2948 388 3012 urbem
411 2945 661 3028 intellegendam
684 2945 851 3016 ferrentur,
880 2957 976 3027 quam
999 2944 1093 3008 unius
1115 2945 1233 3010 somnii

110 3068 210 3115 causa
244 3049 436 3114 nominatim
469 3046 635 3131 appellare
672 3047 783 3112 noluit.
827 3046 876 3111 Ne
901 3065 979 3111 vero
1010 3065 1061 3111 res
1091 3056 1124 3110 ut
1146 3047 1233 3130 apud

219 3292 247 3362 1)
268 3291 304 3358 ,It
323 3294 449 3348 membris
469 3292 605 3360 gelidus
624 3293 732 3350 sudor'
752 3295 799 3360 (vs.
819 3292 882 3361 215)
903 3290 969 3344 mihi
987 3291 1096 3346 videtur
1113 3291 1233 3346 imitatio

112 3381 193 3448 Verg.
213 3387 277 3437 deu.
296 3381 346 3446 111,
367 3382 418 3438 l'ib
438 3381 484 3450 (cf.
503 3379 661 3448 111459),
680 3383 728 3436 ubi
746 3383 812 3436 item
831 3381 864 3435 ob
883 3379 1017 3434 somnium
1037 3379 1137 3434 dicitur
1154 3379 1233 3444 ,Tum

116 3470 259 3538 gelidus
276 3475 337 3526 tcto
350 3471 480 3525 manabat
498 3485 609 3540 corpore
628 3470 746 3536 ended,
769 3471 843 3526 sicut
861 3469 996 3524 Silianam
1020 3483 1137 3537 ,neque
1159 3467 1234 3520 enim

114 3575 216 3628 sopor
234 3559 306 3614 ille’
325 3560 377 3630 (rs.
396 3561 458 3630 198)
477 3559 622 3630 respondet
641 3560 798 3628 Vergiliano
826 3574 893 3624 ‚uec
920 3573 1022 3625 sopor
1047 3555 1138 3610 illud
1164 3555 1233 3611 erat’
1294 3622 1295 3626 ἵ

115 3649 163 3711 lib.
175 3648 237 3718 173)
256 3653 285 3704 et
302 3649 437 3714 Siliunum
456 3649 613 3710 ,miscuerat
630 3648 718 3704 lucem
738 3665 835 3704 somno
847 3645 920 3702 deus’
933 3646 986 3714 (vs.
999 3644 1062 3714 290)
1076 3645 1234 3714 Vergiliano

118 3738 177 3801 ‚visi
195 3742 259 3792 aute
280 3740 370 3792 oculos
389 3741 480 3792 astare
497 3738 612 3792 iacentis
631 3734 663 3790 In
681 3737 791 3804 somnis,
809 3737 893 3790 multo
911 3731 1049 3790 manifesti
1066 3733 1177 3793 ltunins¹
1197 3749 1234 3793 sc.

119 3829 226 3895 penates
245 3826 295 3895 (vs.
315 3826 367 3882 150
387 3827 446 3898 sq.).
484 3825 541 3880 Hos
559 3826 632 3880 locos
650 3843 705 3880 non
723 3827 867 3882 adnotatos
885 3824 1000 3878 invenio.

221 3916 250 3985 2)
270 3913 383 3968 Rectius
403 3915 459 3968 luit
477 3911 598 3968 Coelium
618 3913 714 3982 dicere,
734 3931 795 3968 cum
814 3913 982 3981 Ciceronem,
1002 3916 1033 3966 ut
1052 3911 1152 3966 collata
1169 3911 1235 3981 §48

123 4004 243 4058 concludi
264 4005 361 4072 potest,
382 4002 485 4058 Graeca
504 4003 591 4057 Sileni
610 4003 712 4074 scripta
729 4003 879 4072 inspexisse
898 4018 953 4055 non
972 4003 1009 4056 sit
1026 4002 1083 4056 veri
1102 4000 1197 4054 simile.

222 4092 250 4162 3)
270 4090 383 4146 Occioni
400 4093 418 4148 1.
438 4109 461 4148 c.
479 4107 506 4162 p.
525 4092 578 4146 391
599 4093 735 4163 ‚Nessana
760 4107 790 4147 ss
814 4090 871 4144 dire
896 4089 924 4144 di
947 4090 996 4145 che
1020 4107 1098 4145 mura
1121 4086 1237 4144 intende

122 4183 223 4252 pariare
240 4181 262 4234 il
280 4181 374 4251 poeta!
1029 4181 1032 4188 ⁴
