2908 4724
633 307 674 372 89

76 491 147 556 Bat.
181 491 279 558 1624.
310 489 369 557 iol.
395 509 426 575 p.
456 491 498 558 83
525 498 558 556 et
586 492 715 557 tabulae
744 492 993 577 geographicae,
1021 493 1054 558 in
1083 493 1214 577 Liguria

79 592 152 656 sita.
196 593 265 658 Sed
290 599 417 658 certum
441 592 477 658 lit
498 611 538 658 ex
560 591 675 658 Orosio
696 593 749 678 (V,
771 596 813 661 24
835 615 865 680 p.
887 597 951 664 360
972 596 1135 678 flavere),
1160 597 1214 678 qni

81 693 210 758 disertis
252 694 368 759 verbis
406 691 544 771 Crixum,
588 695 737 778 Spartaci
775 698 908 777 socium,
946 697 1075 765 Gallum
1113 697 1213 762 luisse

83 802 226 860 testatur.
276 795 327 859 Et
355 795 395 860 de
427 796 498 878 ipso
528 797 587 862 boc
620 795 716 862 (irinc
748 805 876 882 poetam
912 799 1113 866 recordatum
1139 816 1212 863 esse

84 917 122 962 cc
143 899 263 964 certius
290 897 340 978 fic,
362 897 445 980 qnod
469 897 632 981 Scipionis
655 917 781 983 equum,
803 917 897 982 quem
919 909 1029 966 vector
1043 899 1158 985 plausa
1181 906 1214 964 et

83 998 200 1064 blanda
239 999 472 1065 exhortatione
510 1000 542 1062 in
587 999 807 1066 adversarium
852 1002 1038 1068 stimulasse
1081 1001 1213 1084 lingitur

83 1103 159 1183 (vsa.
172 1103 239 1168 263
255 1102 345 1187 sqq.)
362 1097 603 1184 ‚Gargannm’
622 1111 725 1168 vocat.
755 1102 879 1186 Nempe
889 1103 971 1187 apud
988 1103 1211 1186 cognominem

81 1211 222 1268 montem
256 1203 375 1269 Crixus
403 1203 564 1285 gladiator
586 1222 606 1266 a
627 1203 782 1268 Romanis
803 1221 978 1288 oppressas
1008 1203 1097 1287 est.¹)
1141 1203 1209 1268 lam

79 1323 141 1368 non
180 1307 331 1390 amplius
358 1305 490 1370 verbum
520 1303 703 1370 addendum
734 1315 821 1372 esset
843 1305 883 1370 de
907 1304 1083 1372 certamine
1105 1305 1212 1389 ringu-

78 1403 148 1480 lari,
187 1407 280 1488 qnod
321 1407 421 1471 Boius
458 1405 513 1470 ille
543 1426 615 1471 cum
645 1407 797 1492 Scipione
833 1408 905 1474 iniit
938 1407 1000 1492 (vs.
1031 1407 1094 1472 270
1116 1413 1212 1489 sqq),

84 1509 284 1587 praesertim
309 1527 381 1575 cam
408 1507 486 1572 talia
509 1508 609 1592 epicis
633 1508 699 1574 sint
721 1510 949 1592 vulgarissima
971 1517 1004 1574 et
1018 1508 1118 1575 Silina
1141 1509 1212 1593 ipse

82 1606 284 1674 Flaminium
297 1609 350 1694 (V,
362 1609 502 1692 boesa),
519 1609 703 1692 Scipionem
716 1610 1036 1697 (manasqqxvss,
1052 1612 1210 1694 509sqq.),

81 1707 274 1775 Marcellum
306 1711 391 1794 (XII,
417 1713 477 1777 194
498 1714 582 1794 sqq.)
620 1712 733 1778 codem
761 1713 855 1777 modo
882 1713 1043 1796 similique
1071 1712 1211 1777 Ennium

84 1809 167 1891 lxii,
190 1814 259 1879 393
288 1811 371 1896 sqq.)
394 1822 426 1876 et
446 1812 606 1878 Neronem
629 1813 710 1898 (XV.
735 1814 796 1880 778
819 1815 902 1897 sqq.)
929 1833 999 1881 cum
1022 1813 1116 1879 hoste
1139 1833 1212 1880 con·

87 1907 230 1993 ligantes
261 1912 514 1981 conflicturosve
542 1914 652 1981 faciat.
695 1916 761 1982 Sed
798 1915 899 1998 ipsius
940 1915 1034 1982 huius
1072 1916 1210 2000 exempli

92 2030 225 2097 causam,
252 2035 342 2100 qnae
366 2015 447 2081 forte
471 2015 577 2095 fuerit,
600 2017 824 2100 quaerentibus
839 2017 951 2081 dicam.
996 2017 1103 2082 Potuit
1125 2017 1212 2082 enim

93 2118 179 2194 poeta
216 2118 389 2184 reminisci
426 2137 553 2200 pugnae
584 2118 681 2195 illius,
716 2137 812 2201 quam
839 2137 924 2182 anno
950 2137 980 2182 a.
1004 2137 1033 2183 u.
1057 2137 1082 2184 c.
1107 2118 1169 2182 603
1190 2139 1211 2182 a

94 2214 220 2285 barbaro
263 2220 411 2304 Hispano
444 2229 634 2303 provocatas
666 2220 774 2304 Scipio
809 2219 981 2284 Africanas
1009 2219 1112 2286 minor
1138 2239 1209 2285 cum

90 2315 210 2398 inisset,
241 2322 349 2388 victor
371 2322 521 2388 discessit
543 2321 720 2387 secundum
750 2320 832 2387 Livii
853 2321 966 2386 librum
989 2321 1041 2405 48,
1061 2322 1093 2386 in
1120 2322 1210 2386 cuius

89 2420 223 2501 epitome
249 2424 337 2508 (Liv.
360 2424 497 2507 perioch.
521 2423 561 2487 ed
579 2423 664 2490 Jahn
690 2423 886 2507 aedepol)
909 2423 1046 2506 legimus
1069 2425 1114 2505 ,R
1137 2423 1212 2490 (lor-

91 2522 192 2590 nelina
235 2524 437 2614 [Airicanus]
478 2525 587 2609 Scipio
624 2524 825 2591 Aemilianus
857 2573 898 2589 ..
926 2573 933 2588 .
970 2535 1210 2607 provocatorem

90 2621 261 2692 barbarum
297 2629 443 2693 tribunus
479 2627 617 2693 militum
652 2624 817 2709 occidit’.²)
874 2626 973 2692 Silius
1008 2635 1132 2692 tantum
1168 2627 1210 2692 ad

90 2731 274 2808 aagendam
312 2729 529 2794 Romanorum
567 2730 701 2812 gloriam
739 2747 802 2792 non
841 2728 962 2805 Celtae,
1000 2728 1056 2792 sed
1085 2729 1209 2794 consuli

91 2833 354 2906 provocationem
384 2830 502 2896 tribuit.
553 2829 681 2895 Deinde
713 2829 797 2912 quod
820 2829 935 2894 attinet
961 2828 1002 2892 ad
1025 2827 1210 2896 fluctuantis

91 2943 218 3011 pugnae
244 2932 494 3016 descriptionem
517 2933 596 3014 (vas.
620 2932 683 2997 315
705 2938 800 3013 sqq),
822 2950 885 3014 qna
907 2929 1066 2996 Numidae
1091 2941 1123 2996 et
1149 2933 1209 2998 Ro-

92 3033 177 3096 mani
208 3054 296 3099 nunc
318 3034 516 3116 refugientes
544 3053 629 3098 nunc
659 3032 888 3115 aggredientes
911 3033 1029 3098 lunatis
1053 3033 1208 3112 orbibusb

93 3127 218 3200 bostem
235 3136 369 3201 alternis
386 3135 661 3217 circumequitant‚
673 3135 834 3198 immerito
845 3133 907 3200 hoc
922 3135 1018 3200 dubio
1033 3137 1210 3202 certamine

92 3231 326 3318 Heynacherus
348 3237 490 3302 offensus
513 3245 579 3317 θοις
610 3255 686 3302 nam
714 3236 759 3299 nil
790 3239 841 3302 est
861 3236 925 3301 nisi
950 3236 1076 3320 poetica
1097 3236 1209 3319 ampli-

92 3331 199 3404 ficatio
222 3339 302 3418 eius,
336 3338 419 3420 quod
452 3336 602 3420 Polybius
628 3339 687 3418 111,
716 3358 742 3404 ο.
766 3338 807 3403 65
829 3339 890 3420 §8
919 3338 995 3404 dicit
1024 3340 1077 3402 ἐπὶ
1105 3334 1209 3417 πολὺν

88 3434 210 3521 χρόνον
246 3445 379 3506 ἐποίουν
411 3436 590 3527 ἰσόρροπον
614 3434 674 3504 τὸν
695 3441 848 3504 κίνδυνον
870 3448 903 3504 et
923 3438 992 3505 biv.
1014 3437 1102 3516 XXI,
1124 3459 1150 3504 c.
1167 3441 1210 3506 46

92 3534 263 3621 §binde
287 3544 427 3625 equitnm
458 3549 624 3606 certarnen
658 3550 728 3604 erat
765 3540 962 3623 aliquamdiu
998 3541 1140 3624 anceps'3
1178 3551 1211 3608 et

93 3643 176 3718 qnod
198 3644 304 3727 ipsum
326 3644 498 3708 discrimen
521 3651 616 3725 poeta
633 3661 699 3706 non
716 3643 799 3724 parti
814 3643 989 3727 copiarum,
1012 3643 1070 3707 red
1085 3663 1209 3710 summo

94 3814 159 3826 *m—
165 3822 304 3830 .-—·—-—-

199 3889 226 3958 1)
245 3891 314 3960 App.
334 3887 450 3958 emphyl.
469 3887 491 3952 L
510 3903 533 3944 c.
555 3888 614 3944 117.

199 3977 228 4050 2)
246 3977 280 4033 cl.
299 3977 367 4047 App.
386 3976 456 4032 Iber.
476 3994 496 4031 c.
516 3976 551 4031 53
570 3978 646 4040 extr„
666 3973 736 4030 Oros
754 3974 803 4046 lV,
822 3976 864 4038 21,
884 3990 910 4042 p.
929 3975 980 4028 277
1000 3973 1114 4032 Havete.

199 4067 226 4136 3)
245 4065 278 4122 dc
297 4083 348 4121 usu
364 4067 490 4120 technico
508 4064 643 4132 adiectiri
662 4063 734 4134 quod
752 4066 796 4118 ost
814 4059 951 4133 ‚lunatus'‚
978 4062 1021 4123 vd.
1040 4063 1125 4119 Blaaa.
1145 4078 1210 4122 ann.

95 4145 226 4209 llleclreis.
246 4155 323 4220 1874,
343 4154 448 4224 12505·
993 4221 1008 4275 7
