2936 4718
666 329 709 396 45

124 515 244 598 2199
267 513 384 579 ieiunis
408 515 515 580 verbis
537 516 615 582 dicit
638 514 778 598 ,Herculi
794 522 871 579 vota
892 513 1050 580 exsolvit'.
1094 511 1248 596 Hiquam

123 635 231 702 prope
242 616 274 679 in
287 616 410 699 praeda
428 617 609 698 Saguntina
622 614 905 682 commemoranda
920 615 1019 681 Silius
1034 613 1076 678 ad
1093 614 1247 697 LiriunH)

126 730 162 784 et
176 715 373 801 Polybium)
383 736 454 782 cum
466 719 522 783 illo
534 719 785 784 consentientem
795 716 937 797 accedat,
949 717 1025 781 inde
1037 716 1151 794 elucet,
1161 715 1247 798 quod

105 821 304 886 'secundum
344 819 426 884 alios
458 819 564 886 fontes
592 819 639 883 nil
670 820 766 903 plane
793 837 833 883 ex
855 819 933 883 orbe
962 825 1058 901 capte
1076 817 1248 882 Hannibal

127 923 270 986 lucratus
294 929 352 987 est.
387 921 547 987 Diodorus
573 921 659 986 enim
682 921 783 999 XXV,
805 921 921 1003 fragm.
938 921 978 986 15
999 917 1129 1004 (Diod.)
1150 919 1248 985 tradit

127 1023 252 1109 ἀκερὸῆ
275 1017 337 1100 τὴν
359 1019 458 1088 πόλιν
479 1025 644 1107 παρέλαβε
664 1019 826 1106 Ἀννίβας,
849 1029 1017 1105 postquam
1041 1021 1074 1085 in
1089 1013 1248 1105 prioribus

106 1123 326 1206 'Saguntinos
347 1143 443 1188 omne
466 1145 578 1190 aurum
601 1144 674 1190 cum
696 1143 771 1188 aere
800 1131 832 1188 et
851 1123 983 1207 plumbo
1006 1122 1194 1188 confudisse
1216 1133 1249 1188 et

123 1226 243 1290 inutile
266 1223 446 1290 reddidisse
469 1228 623 1308 narravit,
646 1227 728 1292 sicut
756 1227 852 1290 etiam
876 1223 1043 1308 appianus
1067 1224 1144 1289 fecit
1165 1225 1247 1290 lber.

121 1349 153 1393 c.
181 1329 231 1409 12,
252 1327 305 1392 ubi
328 1345 367 1390 ea
397 1347 432 1391 re
454 1347 605 1411 magnam
629 1327 821 1393 Hannibalis
854 1327 935 1390 iram
968 1327 1140 1391 excitatam
1174 1345 1248 1392 esse

127 1429 239 1496 adicit.
284 1427 435 1511 Sequitur
457 1430 533 1494 inde
556 1451 575 1494 a
597 1451 644 1498 vs.
671 1432 709 1495 17
734 1429 847 1513 templi
882 1436 914 1494 et
936 1429 1041 1494 cultus
1065 1428 1247 1511 descriptio.

127 1531 181 1595 De
214 1549 275 1614 qua
313 1531 488 1613 Rupertius
521 1532 612 1598 dicit:
646 1533 761 1616 ‚Locus
794 1539 904 1596 noster
936 1530 1091 1596 classicus
1124 1540 1175 1596 est
1207 1529 1248 1595 de

126 1632 223 1696 huius
246 1632 298 1696 dei
315 1631 493 1718 (Herculis)
516 1635 629 1713 sacris,
651 1634 821 1716 dequibus
837 1632 1249 1718 aliundeparumoonstat,

121 1743 160 1799 et
183 1735 224 1798 de
247 1733 387 1817 templo!
408 1735 477 1801 Nec
498 1736 592 1800 aliter
614 1735 741 1803 Oosack
764 1755 793 1818 p.
811 1737 832 1800 6
854 1753 924 1798 earn
941 1735 974 1799 in
990 1753 1123 1800 nurnero
1138 1753 1249 1800 earnm

125 1855 246 1914 rerum,
268 1837 383 1917 quibus
406 1836 446 1900 de
469 1837 669 1919 antiquitatis
692 1837 847 1900 institutis
868 1836 984 1900 melius
1000 1837 1127 1902 edoceri
1143 1835 1248 1920 possi-

110 1947 212 2016 mus,
235 1937 330 2002 babet
352 1945 385 2001 et
407 1937 576 2004 Occioniua
598 1939 620 2004 1.
643 1938 663 2002 l.
689 1958 721 2021 p.
744 1938 806 2004 395
829 1935 964 2001 adnotat
986 1937 1186 2020 ,Importanti
1207 1957 1249 2003 ne

129 2039 186 2120 (de
216 2039 334 2122 templo
366 2039 514 2104 Herculis
538 2039 713 2125 Gaditano)
745 2058 823 2104 sono
856 2037 1074 2120 iparticolari
1106 2041 1250 2104 raooonti

128 2161 149 2206 a
173 2149 282 2224 questo
304 2141 400 2223 luugo
423 2141 465 2205 da
488 2141 589 2208 Silio‘.
635 2141 700 2207 Sed
716 2142 781 2205 ium
797 2127 1055 2222 contignationes
1077 2140 1249 2223 lignorum,

123 2243 241 2326 quibus
263 2241 340 2306 inde
363 2263 383 2306 a
405 2244 525 2327 templo
541 2243 669 2308 condito
692 2243 818 2325 integre
841 2242 980 2308 serratis
1002 2260 1178 2325 numquam
1201 2259 1249 2305 re·

126 2344 305 2409 novatione
328 2346 501 2429 oportuit,
536 2366 607 2410 cum
631 2345 745 2409 mirum
767 2352 921 2427 quantum
943 2344 1084 2409 aeternis
1107 2343 1249 2409 trabibus

126 2446 270 2512 cedrinis
283 2445 397 2529 templi
411 2447 576 2531 Apollinei
591 2445 784 2521 Uticensis⁸t
801 2446 926 2511 similes
942 2447 1015 2525 sint,
1032 2444 1249 2528 suspicionem

128 2559 270 2613 movent.
315 2547 377 2612 Dei
399 2559 505 2614 autern
529 2550 631 2616 cultus
653 2558 685 2612 et
700 2548 903 2614 sacerdotum
919 2547 1144 2629 caerimoniae,
1166 2565 1249 2630 quae

129 2649 231 2716 Silius
253 2649 399 2715 versibus
422 2652 546 2717 21--31
571 2650 733 2731 describit,
761 2649 904 2734 apertius
929 2648 1098 2731 religionis
1119 2651 1248 2731 Aegyp·

128 2751 235 2815 tiacae
259 2750 378 2815 indicia
402 2772 480 2836 prae
503 2772 538 2817 se
562 2751 679 2833 feriunt,
704 2770 797 2834 quam
822 2759 855 2815 ut
878 2769 986 2815 eorum
1002 2748 1131 2816 veritati
1146 2747 1249 2832 possi·

129 2871 202 2916 mus
226 2851 398 2918 confidere.
443 2853 533 2936 Quod
557 2854 618 2919 etsi
633 2853 696 2917 iam
714 2860 800 2916 recte
817 2852 919 2917 sensit
933 2852 1117 2936 Rupertius‚
1140 2858 1249 2914 tamen

128 2973 196 3017 non
233 2973 347 3018 omnes
384 2955 538 3020 Herodoti
575 2957 679 3034 locos,
717 2972 797 3037 quos
835 2971 1024 3036 comparare
1067 2953 1147 3017 utile
1190 2941 1279 3032 ert,¹

128 3055 291 3138 ascripsit.
336 3057 418 3122 Sunt
439 3065 545 3122 autem
568 3059 648 3123 haec
670 3057 844 3141 praecipue
860 3054 1092 3138 Aegyptiorum
1108 3053 1249 3120 moribus

128 3157 287 3241 adaptata
311 3168 436 3223 etcum
459 3158 621 3225 Herodoto
645 3157 871 3241 congruentia:
903 3155 1010 3238 ,Tum
1043 3157 1115 3238 quis
1144 3157 1195 3220 ias
1218 3162 1251 3220 et

126 3259 232 3324 honos
269 3260 359 3344 adyti
396 3259 577 3344 penetralia
608 3281 718 3336 nosse,
758 3259 930 3326 Femineos
965 3267 1075 3326 arcent
1107 3259 1248 3340 gressus'

129 3370 182 3428 est
202 3361 421 3427 Herodoteum
444 3365 558 3450 ἱρᾶται
579 3359 661 3446 γυνὴ
682 3359 743 3447 μὲν
758 3359 895 3445 οὐδεμία
915 3361 974 3444 (Π,
990 3362 1055 3444 35),
1078 3360 1105 3426 si
1121 3358 1250 3442 quidem

129 3462 172 3526 ad
205 3464 357 3529 mulieres
391 3483 411 3527 a
445 3463 692 3529 sacerdotiis
725 3462 941 3529 excludendas
981 3471 1109 3546 poetam
1142 3460 1249 3524 inton-

129 3563 219 3628 disse
256 3565 489 3650 existimemus3
533 3585 580 3644 ‚ao
618 3566 728 3631 limine
765 3573 880 3630 curant
916 3565 1103 3647 Saetigeros
1138 3579 1250 3626 arcere
1335 3600 1338 3606 ,

128 3685 205 3730 sues
227 3697 269 3719 =
303 3658 352 3742 ,ὗν
374 3665 408 3732 δὲ
434 3663 616 3752 Αἰγύπτιοι
639 3663 761 3754 μιαρὸν
782 3663 925 3750 ἥγηνται
948 3665 1074 3752 θηρίον
1104 3657 1189 3728 εἶναι
1211 3713 1217 3726 .
1241 3711 1248 3727 .

241 3931 265 3998 1)
284 3929 319 3987 cl.
338 3928 415 3997 XXI,
435 3929 469 3985 15
487 3929 503 3999 ἓ
522 3930 538 3985 1
558 3933 586 3984 et
603 3931 628 3984 2.

238 4019 267 4088 2)
286 4015 335 4084 111,
354 4019 388 4073 17
407 4018 423 4088 ἕ
442 4019 483 4074 10.

239 4106 266 4176 3)
285 4106 322 4162 cf.
345 4105 417 4162 Plin.
440 4107 475 4160 N.
498 4105 534 4164 Η.
558 4104 632 4180 xvi,
656 4121 678 4164 c.
701 4107 745 4173 40,
765 4106 784 4176 9
802 4106 855 4161 216
879 4109 907 4160 et
928 4104 1056 4160 Dunc'im
1075 4103 1166 4160 (lesuin
1202 4101 1250 4156 des

131 4195 251 4251 Alterth.
269 4193 303 4260 1³,
322 4212 348 4265 p,
367 4194 427 4254 516.
1223 4211 1225 4218 ’
