2908 4724
635 306 692 370 121

105 491 137 555 16
162 489 235 556 Silii
263 489 492 573 posterioribus
520 489 609 554 libris
643 489 745 568 111111,
774 489 845 554 452.
869 487 971 566 XVII,
995 487 1072 570 300)
1101 487 1221 552 honore

104 612 163 658 suc
186 591 368 656 deminutus
392 591 443 662 sit,
467 611 507 654 66
529 590 668 674 gratiam
690 590 819 672 quidem
842 591 1103 674 contemporanei
1126 609 1222 674 geue·

104 693 169 758 rosi
192 706 225 758 et
247 692 455 776 cognominis,
479 692 582 775 qualis
604 690 666 757 1611
688 692 726 756 L.'
747 691 896 775 Appius
918 690 1075 756 Maximus
1097 689 1221 756 Norba-

105 816 166 861 nus
204 795 401 876 ‚Domitiano
434 794 614 878 imperante
649 793 821 878 proconsul
852 792 1024 877 Bithyniae
1057 802 1089 858 et
1126 791 1222 857 Plinii

105 896 239 962 iunioris
266 895 430 978 amicus,¹)
456 897 518 961 sibi
540 896 782 962 conciliaturum
811 893 980 979 voluisset)
1016 900 1143 978 poetam
1171 914 1223 959 su·

106 999 275 1081 spexerim.
304 997 419 1073 Ceteri,
432 997 486 1080 qui
509 1007 652 1064 6616616
668 1018 808 1082 pugnam
826 996 952 1063 virtutis
969 1017 1067 1062 causo
1079 997 1223 1062 nomina-

106 1101 163 1191 tim
185 1098 341 1182 appellati
363 1108 418 1164 ant
441 1102 510 1183 ipso
540 1101 663 1186 proelio
693 1099 886 1164 excellentes
916 1098 948 1161 in
980 1099 1039 1163 hac
1067 1097 1223 1180 poematis

106 1211 198 1286 parte
222 1209 521 1281 commemorantur,
550 1203 581 1266 hi
612 1213 700 1267 sunt:
732 1201 894 1267 Orfitus
918 1201 980 1282 (vs.
1004 1199 1079 1282 166)
1101 1235 1140 1245 —
1165 1199 1223 1263 sub

107 1302 349 1386 quoquomodo
385 1303 476 1367 multi
510 1305 712 1387 interpretes,
744 1302 890 1386 quamvis
923 1301 963 1366 66
992 1320 1029 1367 66
1058 1300 1224 1378 ,bellatore

107 1403 199 1468 iubas
223 1407 366 1486 aptante'
389 1403 511 1468 dicetur
526 1414 558 1469 et
574 1426 619 1470 vs.
637 1406 697 1472 169
719 1406 789 1470 6166
812 1404 943 1468 dextrae
966 1421 1080 1466 manus
1104 1401 1224 1466 mentio

108 1503 174 1582 1161,
198 1505 337 1568 alacrem
362 1524 476 1588 equum
499 1507 689 1590 intellegere
712 1507 875 1590 potuerint
897 1526 957 1570 666
979 1501 1237 1586 1166611166166.

108 1625 211 1688 nugas
234 1609 309 1670 ante
333 1626 463 1689 prorsus
486 1608 635 1675 reiecerit
656 1627 750 1690 quam
775 1608 859 1672 lecta
875 1605 1016 1672 Ernestii
1041 1613 1117 1669 nota
1137 1603 1223 1668 ideo-

107 1727 168 1790 que
197 1706 230 1771 in
260 1707 436 1788 ,Addeudis
471 1718 503 1774 et
525 1709 741 1793 Corrigendis’
770 1711 813 1793 (p.
844 1709 921 1783 201)
949 1704 1131 1790 66666163)
1161 1725 1224 1769 666

108 1828 264 1892 assequor
288 1847 324 1857 —-
348 1809 384 1889 ,1
407 1811 523 1894 littera,
557 1831 620 1877 uon
655 1811 719 1894 ,ph’
741 1830 811 1874 cum
848 1810 987 1894 vulgatis
1021 1807 1225 1885 editionibus,

108 1910 311 1976 scribendum
334 1921 393 1991 est,
416 1922 450 1976 ut
473 1912 564 1978 multi
586 1912 696 1997 optimi
720 1914 870 1995 temporis
894 1911 977 1977 tituli
1001 1910 1118 1975 docent
1137 1910 1225 1974 velot

107 2032 157 2095 ap.
181 2013 371 2080 Wilmanns.
406 2016 544 2100 exempl.
567 2017 661 2080 inscr.
690 2017 760 2081 Lat.
790 2036 835 2080 nr.
868 2015 918 2086 84,
950 2014 1023 2097 285,
1046 2015 1119 2092 287,
1151 2015 1223 2096 685,

106 2114 200 2191 6966,
224 2115 316 2188 1192,
342 2115 431 2202 1525,
457 2118 548 2198 1744,
571 2117 665 2195 2775,
689 2118 724 2183 C.
748 2118 772 2182 1.
799 2117 834 2182 L.
858 2116 915 2198 lII,
937 2117 1010 2189 419,
1029 2117 1112 2183 3347
1135 2136 1224 2199 saep.

110 2217 147 2296 V,
172 2217 232 2281 798
254 2219 381 2298 (66666
403 2238 442 2284 ex
465 2219 704 2304 6116166016.
728 2219 882 2302 saeculo).
911 2217 1086 2283 Murrani
1107 2238 1223 2284 nomen

109 2317 170 2402 (vs.
211 2318 281 2402 172)
318 2318 382 2384 166
420 2341 515 2406 supra
551 2341 582 2404 p.
611 2322 672 2388 108
707 2329 877 2386 tractatum
915 2328 974 2385 est.
1018 2321 1224 2402 Aequanus

111 2420 171 2499 (vs.
199 2421 257 2486 176
287 2431 318 2486 61
342 2423 426 2506 183),
449 2413 643 2506 quamquam
666 2424 706 2488 de
733 2423 836 2487 Vitius
859 2430 914 2488 tot.
938 2421 1043 2487 Latin.
1058 2431 1227 2501 onomast,

111 2539 203 2601 quem
227 2533 337 2588 noster
359 2525 450 2590 locus
474 2524 566 2608 fugit,
589 2544 701 2590 vocem
725 2524 876 2590 adiectivi
904 2532 1026 2588 tantum
1058 2523 1127 2589 vice
1154 2522 1224 2588 166-

112 2626 241 2704 gentem
265 2626 410 2710 egnoscit
432 2636 474 2708 61,
497 2647 572 2694 666
594 2629 628 2692 16
650 2626 914 2708 inscriptionibus
930 2624 1121 2705 inveniatur,
1138 2625 1226 2690 dnbi-

113 2731 167 2804 tat,
197 2724 312 2808 legitur
343 2727 377 2800 O.
400 2728 426 2793 1.
449 2729 483 2794 L.
507 2729 562 2806 IV,
585 2727 683 2813 1334)
725 2728 762 2792 16
793 2728 994 2792 Laterano
1020 2725 1082 2813 (vs.
1105 2727 1168 2792 229
1195 2734 1228 2790 61

111 2827 187 2908 251)
210 2827 348 2910 legendo
372 2829 420 2893 cui
444 2849 508 2895 non
532 2831 692 2914 extemplo
716 2830 871 2894 memoria
893 2829 930 2895 L.
946 2829 1049 2894 Sextii
1062 2830 1226 2910 Laterani,

111 2929 214 3012 primi·
229 2929 315 2994 illios
337 2929 444 3013 plebei
460 2931 630 3015 consulis⁶)
655 2929 843 2997 renovetur?
863 2949 923 2996 nec
939 2930 1063 2996 Siliano
1080 2939 1225 3016 ternpore

112 3049 228 3096 nomeu
252 3032 431 3097 obsoletum
454 3034 554 3098 161666
570 3034 702 3098 Tacitus
725 3033 817 3098 testis
839 3042 889 3097 est
910 3052 985 3097 aun.
1000 3031 1055 3110 XI,
1071 3034 1122 3114 36,
1137 3033 1226 3113 11111,

114 3133 164 3213 11,
187 3133 255 3216 XV,
276 3133 318 3198 49
339 3137 436 3202 6160
457 3145 489 3200 61
512 3135 683 3213 luvenalis,
716 3134 770 3216 qui
792 3133 832 3218 X,
859 3134 896 3199 17
925 3135 1073 3218 egregias
1097 3135 1226 3201 Latera·

112 3254 224 3299 norum
254 3236 352 3302 sedes
382 3239 415 3302 in
445 3237 554 3302 Caelio
578 3245 685 3302 monte
708 3235 798 3310 sitas,
830 3245 943 3320 postea
971 3236 1081 3301 sedem
1104 3236 1226 3320 episco-

111 3356 221 3420 porum
257 3338 483 3417 Romanorum,
517 3346 755 3404 commemorat.
799 3337 849 3402 De
872 3337 1045 3403 Lentulo
1077 3339 1140 3420 (vs.
1163 3339 1223 3405 231

220 3547 387 3617 trenetur.
407 3548 596 3618 spirense.
622 3551 651 3602 oc
674 3548 716 3603 ce.
742 3546 833 3604 oran
856 3549 938 3602 nse.
958 3548 1018 3617 rra,
1041 3545 1130 3605 rursu
1155 3548 1227 3606 vict.
1267 3533 1269 3536 ’

114 3636 329 3704 mmcss

220 3727 248 3794 2)
265 3727 337 3796 quod
348 3727 418 3782 forte
435 3724 503 3782 fecit
514 3727 544 3782 iu
555 3725 674 3781 Pediano
688 3724 821 3780 laudando
833 3725 905 3797 (XII,
918 3725 972 3780 212
983 3723 1054 3794 sqq.)
1072 3722 1106 3780 61.
1118 3722 1227 3782 Consul.

114 3817 211 3884 quaest
240 3815 445 3888 81165366.

220 3904 250 3974 3)
268 3904 301 3963 61.
321 3921 415 3962 comm
434 3904 468 3959 de
487 3904 548 3960 Silii
566 3905 615 3958 rit.
634 3907 663 3960 st
680 3919 761 3960 carm.
781 3918 808 3973 p.
816 3900 906 3956 1111111
918 3900 997 3958 infra.

221 3993 249 4063 4)
267 3992 301 4048 61.
320 3995 402 4049 61166
420 3993 556 4048 Hnobner.
576 3993 636 4062 eph.
656 3993 741 4063 epigr.
760 3990 787 4046 11
806 3990 898 4063 (1875)
918 4006 944 4061 p.
962 3991 1006 4049 31.

220 4081 250 4154 5)
269 4081 310 4138 ud.
328 4083 390 4138 1661.
410 4081 510 4140 consul.
529 4080 564 4135 ad
583 4098 626 4138 an.
648 4082 689 4136 ab.
709 4082 766 4136 urb.
785 4080 861 4136 cond.
880 4079 933 4137 388
952 4077 1029 4150 (0.1.
1046 4082 1078 4138 L.
1096 4080 1116 4147 1,
1136 4081 1228 4152 6430

114 4173 144 4224 et
161 4172 232 4242 508).
1015 4239 1033 4292 9
