<?xml version="1.0" encoding="UTF-8"?>
<!DOCTYPE html PUBLIC "-//W3C//DTD XHTML 1.0 Transitional//EN"
    "http://www.w3.org/TR/xhtml1/DTD/xhtml1-transitional.dtd">
<html xmlns="http://www.w3.org/1999/xhtml" xml:lang="en" lang="en">
 <head>
  <title>
</title>
<meta http-equiv="Content-Type" content="text/html;charset=utf-8" />
  <meta name='ocr-system' content='tesseract 3.04.00' />
  <meta name='ocr-capabilities' content='ocr_page ocr_carea ocr_par ocr_line ocrx_word'/>
</head>
<body>
  <div class='ocr_page' id='page_1' title='image "./defidehistorica00schlgoog_0079.png"; bbox 0 0 2908 4724; ppageno 0'>
   <div class='ocr_carea' id='block_1_1' title="bbox 794 337 835 402">
    <p class='ocr_par' dir='ltr' id='par_1_1' title="bbox 794 337 835 402">
     <span class='ocr_line' id='line_1_1' title="bbox 794 337 835 402; baseline 0 0"><span class='ocrx_word' id='word_1_1' title='bbox 794 337 835 402; x_wconf 79' lang='lat'><strong>74</strong></span> 
     </span>
    </p>
   </div>
   <div class='ocr_carea' id='block_1_2' title="bbox 251 520 1429 2335">
    <p class='ocr_par' dir='ltr' id='par_1_2' title="bbox 251 520 1429 2335">
     <span class='ocr_line' id='line_1_2' title="bbox 253 520 1392 609; baseline -0.005 -18"><span class='ocrx_word' id='word_1_2' title='bbox 253 544 430 604; x_wconf 91' lang='lat' dir='ltr'><strong>numerum,</strong></span> <span class='ocrx_word' id='word_1_3' title='bbox 453 525 507 609; x_wconf 87' lang='lat' dir='ltr'><strong>qui</strong></span> <span class='ocrx_word' id='word_1_4' title='bbox 528 531 577 590; x_wconf 88' lang='lat' dir='ltr'><strong>est</strong></span> <span class='ocrx_word' id='word_1_5' title='bbox 599 522 776 601; x_wconf 89' lang='lat' dir='ltr'><strong>duodeoim,</strong></span> <span class='ocrx_word' id='word_1_6' title='bbox 804 520 914 606; x_wconf 83' lang='lat' dir='ltr'><strong>typioa</strong></span> <span class='ocrx_word' id='word_1_7' title='bbox 935 520 1076 606; x_wconf 86' lang='lat' dir='ltr'><strong>quadam</strong></span> <span class='ocrx_word' id='word_1_8' title='bbox 1097 527 1129 585; x_wconf 90' lang='lat' dir='ltr'><strong>et</strong></span> <span class='ocrx_word' id='word_1_9' title='bbox 1148 521 1300 605; x_wconf 86' lang='lat' dir='ltr'><strong>poetioa</strong></span> <span class='ocrx_word' id='word_1_10' title='bbox 1324 539 1392 586; x_wconf 90' lang='lat' dir='ltr'><strong>esse</strong></span> 
     </span>
     <span class='ocr_line' id='line_1_3' title="bbox 252 622 1393 710; baseline -0.006 -18"><span class='ocrx_word' id='word_1_11' title='bbox 252 627 384 692; x_wconf 90' lang='lat' dir='ltr'><strong>notione</strong></span> <span class='ocrx_word' id='word_1_12' title='bbox 415 627 524 710; x_wconf 85' lang='lat' dir='ltr'><strong>itaque</strong></span> <span class='ocrx_word' id='word_1_13' title='bbox 558 626 668 690; x_wconf 88' lang='lat' dir='ltr'><strong>erebro</strong></span> <span class='ocrx_word' id='word_1_14' title='bbox 698 624 763 690; x_wconf 87' lang='lat' dir='ltr'><strong>iem</strong></span> <span class='ocrx_word' id='word_1_15' title='bbox 796 624 835 688; x_wconf 86' lang='lat' dir='ltr'><strong>ab</strong></span> <span class='ocrx_word' id='word_1_16' title='bbox 866 623 1006 689; x_wconf 84' lang='lat' dir='ltr'><strong>Homero</strong></span> <span class='ocrx_word' id='word_1_17' title='bbox 1039 623 1193 706; x_wconf 84' lang='lat' dir='ltr'><strong>usurpari</strong></span> <span class='ocrx_word' id='word_1_18' title='bbox 1235 622 1393 707; x_wconf 84' lang='lat' dir='ltr'>exposuit</span> 
     </span>
     <span class='ocr_line' id='line_1_4' title="bbox 254 723 1392 812; baseline -0.003 -19"><span class='ocrx_word' id='word_1_19' title='bbox 254 727 407 794; x_wconf 89' lang='lat' dir='ltr'><strong>Lehrsius</strong></span> <span class='ocrx_word' id='word_1_20' title='bbox 441 727 562 812; x_wconf 92' lang='lat' dir='ltr'><strong>(popul.</strong></span> <span class='ocrx_word' id='word_1_21' title='bbox 591 725 700 792; x_wconf 75' lang='lat' dir='ltr'><strong>Aufs.¹</strong></span> <span class='ocrx_word' id='word_1_22' title='bbox 727 746 758 810; x_wconf 90' lang='lat' dir='ltr'><strong>p.</strong></span> <span class='ocrx_word' id='word_1_23' title='bbox 788 726 850 792; x_wconf 81' lang='lat'><strong>236</strong></span> <span class='ocrx_word' id='word_1_24' title='bbox 873 725 961 809; x_wconf 60' lang='lat' dir='ltr'><strong>sqq).</strong></span> <span class='ocrx_word' id='word_1_25' title='bbox 1011 723 1135 790; x_wconf 82' lang='lat' dir='ltr'><strong>Eadem</strong></span> <span class='ocrx_word' id='word_1_26' title='bbox 1165 725 1265 792; x_wconf 87' lang='lat' dir='ltr'><strong>haee</strong></span> <span class='ocrx_word' id='word_1_27' title='bbox 1301 733 1392 808; x_wconf 86' lang='lat' dir='ltr'><strong>grate</strong></span> 
     </span>
     <span class='ocr_line' id='line_1_5' title="bbox 252 825 1393 913; baseline -0.004 -18"><span class='ocrx_word' id='word_1_28' title='bbox 252 830 377 895; x_wconf 89' lang='lat' dir='ltr'><strong>numeri</strong></span> <span class='ocrx_word' id='word_1_29' title='bbox 400 828 527 913; x_wconf 88' lang='lat' dir='ltr'><strong>speeies</strong></span> <span class='ocrx_word' id='word_1_30' title='bbox 549 847 614 893; x_wconf 91' lang='lat' dir='ltr'><strong>nou</strong></span> <span class='ocrx_word' id='word_1_31' title='bbox 638 829 742 909; x_wconf 91' lang='lat' dir='ltr'><strong>modo,</strong></span> <span class='ocrx_word' id='word_1_32' title='bbox 768 835 804 893; x_wconf 90' lang='lat' dir='ltr'><strong>ut</strong></span> <span class='ocrx_word' id='word_1_33' title='bbox 824 825 866 892; x_wconf 90' lang='lat' dir='ltr'><strong>ad</strong></span> <span class='ocrx_word' id='word_1_34' title='bbox 889 826 1021 892; x_wconf 90' lang='lat' dir='ltr'><strong>deorum</strong></span> <span class='ocrx_word' id='word_1_35' title='bbox 1042 833 1165 891; x_wconf 89' lang='lat' dir='ltr'><strong>ooetum</strong></span> <span class='ocrx_word' id='word_1_36' title='bbox 1192 833 1285 910; x_wconf 84' lang='lat' dir='ltr'><strong>apte</strong></span> <span class='ocrx_word' id='word_1_37' title='bbox 1310 847 1393 892; x_wconf 88' lang='lat' dir='ltr'><strong>com·</strong></span> 
     </span>
     <span class='ocr_line' id='line_1_6' title="bbox 251 927 1392 1015; baseline -0.004 -20"><span class='ocrx_word' id='word_1_38' title='bbox 251 930 404 1015; x_wconf 90' lang='lat' dir='ltr'><strong>plendum</strong></span> <span class='ocrx_word' id='word_1_39' title='bbox 427 950 542 997; x_wconf 88' lang='lat' dir='ltr'><strong>novem</strong></span> <span class='ocrx_word' id='word_1_40' title='bbox 566 931 748 995; x_wconf 82' lang='lat' dir='ltr'>numinibus</span> <span class='ocrx_word' id='word_1_41' title='bbox 769 927 926 1012; x_wconf 83' lang='lat' dir='ltr'><strong>principio</strong></span> <span class='ocrx_word' id='word_1_42' title='bbox 949 947 969 993; x_wconf 89' lang='lat' dir='ltr'><strong>a</strong></span> <span class='ocrx_word' id='word_1_43' title='bbox 992 927 1125 992; x_wconf 77' lang='lat' dir='ltr'><strong>Graeois</strong></span> <span class='ocrx_word' id='word_1_44' title='bbox 1148 928 1307 994; x_wconf 80' lang='lat' dir='ltr'><strong>maxime</strong></span> <span class='ocrx_word' id='word_1_45' title='bbox 1331 927 1392 994; x_wconf 90' lang='lat' dir='ltr'><strong>oul-</strong></span> 
     </span>
     <span class='ocr_line' id='line_1_7' title="bbox 252 1027 1393 1114; baseline -0.004 -18"><span class='ocrx_word' id='word_1_46' title='bbox 252 1032 294 1097; x_wconf 92' lang='lat' dir='ltr'><strong>tis</strong></span> <span class='ocrx_word' id='word_1_47' title='bbox 316 1042 381 1098; x_wconf 91' lang='lat' dir='ltr'><strong>tres</strong></span> <span class='ocrx_word' id='word_1_48' title='bbox 405 1033 479 1098; x_wconf 87' lang='lat' dir='ltr'><strong>nori</strong></span> <span class='ocrx_word' id='word_1_49' title='bbox 502 1031 707 1114; x_wconf 82' lang='lat' dir='ltr'><strong>adderentur,</strong></span> <span class='ocrx_word' id='word_1_50' title='bbox 729 1028 871 1114; x_wconf 84' lang='lat' dir='ltr'><strong>effeoit,¹)</strong></span> <span class='ocrx_word' id='word_1_51' title='bbox 894 1027 950 1094; x_wconf 90' lang='lat' dir='ltr'><strong>sed</strong></span> <span class='ocrx_word' id='word_1_52' title='bbox 973 1029 1082 1109; x_wconf 89' lang='lat' dir='ltr'><strong>etiarn,</strong></span> <span class='ocrx_word' id='word_1_53' title='bbox 1106 1036 1139 1094; x_wconf 88' lang='lat' dir='ltr'><strong>ut</strong></span> <span class='ocrx_word' id='word_1_54' title='bbox 1161 1039 1299 1114; x_wconf 87' lang='lat' dir='ltr'><strong>poetae</strong></span> <span class='ocrx_word' id='word_1_55' title='bbox 1325 1047 1393 1093; x_wconf 89' lang='lat' dir='ltr'><strong>sae·</strong></span> 
     </span>
     <span class='ocr_line' id='line_1_8' title="bbox 252 1129 1392 1217; baseline -0.003 -20"><span class='ocrx_word' id='word_1_56' title='bbox 252 1135 325 1217; x_wconf 93' lang='lat' dir='ltr'><strong>pius</strong></span> <span class='ocrx_word' id='word_1_57' title='bbox 359 1135 502 1200; x_wconf 85' lang='lat' dir='ltr'><strong>earmina</strong></span> <span class='ocrx_word' id='word_1_58' title='bbox 535 1153 593 1200; x_wconf 91' lang='lat' dir='ltr'><strong>sua</strong></span> <span class='ocrx_word' id='word_1_59' title='bbox 627 1133 796 1198; x_wconf 90' lang='lat' dir='ltr'><strong>duodeoim</strong></span> <span class='ocrx_word' id='word_1_60' title='bbox 832 1130 920 1197; x_wconf 91' lang='lat' dir='ltr'><strong>libris</strong></span> <span class='ocrx_word' id='word_1_61' title='bbox 947 1129 1160 1212; x_wconf 78' lang='lat' dir='ltr'>includerent,</span> <span class='ocrx_word' id='word_1_62' title='bbox 1185 1129 1286 1216; x_wconf 92' lang='lat' dir='ltr'><strong>quod</strong></span> <span class='ocrx_word' id='word_1_63' title='bbox 1311 1131 1392 1195; x_wconf 88' lang='lat' dir='ltr'><strong>siout</strong></span> 
     </span>
     <span class='ocr_line' id='line_1_9' title="bbox 253 1231 1391 1319; baseline -0.005 -19"><span class='ocrx_word' id='word_1_64' title='bbox 253 1237 285 1300; x_wconf 95' lang='lat' dir='ltr'><strong>in</strong></span> <span class='ocrx_word' id='word_1_65' title='bbox 309 1237 445 1319; x_wconf 82' lang='lat' dir='ltr'><strong>Vergilii</strong></span> <span class='ocrx_word' id='word_1_66' title='bbox 466 1235 610 1304; x_wconf 82' lang='lat' dir='ltr'><strong>Aeneide</strong></span> <span class='ocrx_word' id='word_1_67' title='bbox 632 1235 788 1317; x_wconf 84' lang='lat' dir='ltr'><strong>statiique</strong></span> <span class='ocrx_word' id='word_1_68' title='bbox 811 1232 978 1299; x_wconf 83' lang='lat' dir='ltr'><strong>Thebaide</strong></span> <span class='ocrx_word' id='word_1_69' title='bbox 1004 1231 1161 1310; x_wconf 84' lang='lat' dir='ltr'><strong>videmus,</strong></span> <span class='ocrx_word' id='word_1_70' title='bbox 1186 1234 1242 1298; x_wconf 91' lang='lat' dir='ltr'><strong>ita</strong></span> <span class='ocrx_word' id='word_1_71' title='bbox 1269 1233 1314 1298; x_wconf 90' lang='lat' dir='ltr'><strong>de</strong></span> <span class='ocrx_word' id='word_1_72' title='bbox 1333 1233 1391 1296; x_wconf 90' lang='lat' dir='ltr'><strong>Va-</strong></span> 
     </span>
     <span class='ocr_line' id='line_1_10' title="bbox 252 1333 1388 1420; baseline -0.002 -20"><span class='ocrx_word' id='word_1_73' title='bbox 252 1336 332 1402; x_wconf 93' lang='lat' dir='ltr'><strong>lerio</strong></span> <span class='ocrx_word' id='word_1_74' title='bbox 355 1338 473 1403; x_wconf 84' lang='lat' dir='ltr'><strong>Flaooo</strong></span> <span class='ocrx_word' id='word_1_75' title='bbox 495 1336 622 1404; x_wconf 91' lang='lat' dir='ltr'><strong>Heinsii</strong></span> <span class='ocrx_word' id='word_1_76' title='bbox 644 1335 788 1420; x_wconf 85' lang='lat' dir='ltr'><strong>exemplo</strong></span> <span class='ocrx_word' id='word_1_77' title='bbox 812 1333 866 1417; x_wconf 84' lang='lat' dir='ltr'><strong>(os.</strong></span> <span class='ocrx_word' id='word_1_78' title='bbox 889 1334 984 1398; x_wconf 80' lang='lat' dir='ltr'><strong>Thilo</strong></span> <span class='ocrx_word' id='word_1_79' title='bbox 1008 1334 1100 1416; x_wconf 92' lang='lat' dir='ltr'><strong>proll.</strong></span> <span class='ocrx_word' id='word_1_80' title='bbox 1122 1334 1164 1399; x_wconf 88' lang='lat' dir='ltr'><strong>ad</strong></span> <span class='ocrx_word' id='word_1_81' title='bbox 1179 1336 1264 1401; x_wconf 85' lang='lat' dir='ltr'><strong>Val.</strong></span> <span class='ocrx_word' id='word_1_82' title='bbox 1281 1336 1388 1400; x_wconf 88' lang='lat' dir='ltr'><strong>Flaoo.</strong></span> 
     </span>
     <span class='ocr_line' id='line_1_11' title="bbox 253 1436 1388 1523; baseline -0.004 -19"><span class='ocrx_word' id='word_1_83' title='bbox 253 1459 283 1523; x_wconf 89' lang='lat' dir='ltr'><strong>p.</strong></span> <span class='ocrx_word' id='word_1_84' title='bbox 315 1439 467 1514; x_wconf 83' lang='lat' dir='ltr'><strong>XXXIX)</strong></span> <span class='ocrx_word' id='word_1_85' title='bbox 501 1437 666 1504; x_wconf 78' lang='lat' dir='ltr'><strong>contendit</strong></span> <span class='ocrx_word' id='word_1_86' title='bbox 699 1436 916 1502; x_wconf 90' lang='lat' dir='ltr'><strong>Baehrensius</strong></span> <span class='ocrx_word' id='word_1_87' title='bbox 949 1436 1051 1520; x_wconf 84' lang='lat' dir='ltr'><strong>prael.</strong></span> <span class='ocrx_word' id='word_1_88' title='bbox 1086 1437 1127 1500; x_wconf 90' lang='lat' dir='ltr'><strong>ad</strong></span> <span class='ocrx_word' id='word_1_89' title='bbox 1160 1437 1243 1502; x_wconf 87' lang='lat' dir='ltr'><strong>Val.</strong></span> <span class='ocrx_word' id='word_1_90' title='bbox 1283 1437 1388 1502; x_wconf 85' lang='lat' dir='ltr'><strong>Flaoo.</strong></span> 
     </span>
     <span class='ocr_line' id='line_1_12' title="bbox 253 1537 1386 1624; baseline -0.006 -18"><span class='ocrx_word' id='word_1_91' title='bbox 253 1560 282 1624; x_wconf 94' lang='lat' dir='ltr'><strong>p.</strong></span> <span class='ocrx_word' id='word_1_92' title='bbox 305 1543 350 1608; x_wconf 91' lang='lat' dir='ltr'><strong>IV</strong></span> <span class='ocrx_word' id='word_1_93' title='bbox 371 1560 430 1606; x_wconf 87' lang='lat' dir='ltr'><strong>neo</strong></span> <span class='ocrx_word' id='word_1_94' title='bbox 452 1540 522 1604; x_wconf 92' lang='lat' dir='ltr'><strong>siue</strong></span> <span class='ocrx_word' id='word_1_95' title='bbox 544 1539 612 1604; x_wconf 91' lang='lat' dir='ltr'><strong>veri</strong></span> <span class='ocrx_word' id='word_1_96' title='bbox 635 1537 844 1606; x_wconf 84' lang='lat' dir='ltr'><strong>similitudine</strong></span> <span class='ocrx_word' id='word_1_97' title='bbox 868 1538 909 1602; x_wconf 90' lang='lat' dir='ltr'><strong>de</strong></span> <span class='ocrx_word' id='word_1_98' title='bbox 924 1537 1047 1604; x_wconf 87' lang='lat' dir='ltr'><strong>Luoani</strong></span> <span class='ocrx_word' id='word_1_99' title='bbox 1061 1537 1241 1604; x_wconf 84' lang='lat' dir='ltr'><strong>Pharsalia</strong></span> <span class='ocrx_word' id='word_1_100' title='bbox 1267 1537 1386 1621; x_wconf 90' lang='lat' dir='ltr'><strong>aliquis</strong></span> 
     </span>
     <span class='ocr_line' id='line_1_13' title="bbox 254 1636 1385 1724; baseline -0.004 -18"><span class='ocrx_word' id='word_1_101' title='bbox 254 1642 315 1708; x_wconf 92' lang='lat' dir='ltr'><strong>sibi</strong></span> <span class='ocrx_word' id='word_1_102' title='bbox 337 1640 541 1724; x_wconf 87' lang='lat' dir='ltr'><strong>persuadeat.</strong></span> <span class='ocrx_word' id='word_1_103' title='bbox 587 1641 721 1704; x_wconf 87' lang='lat' dir='ltr'><strong>Aoeedit</strong></span> <span class='ocrx_word' id='word_1_104' title='bbox 743 1641 826 1722; x_wconf 92' lang='lat' dir='ltr'><strong>quod</strong></span> <span class='ocrx_word' id='word_1_105' title='bbox 850 1647 968 1717; x_wconf 86' lang='lat' dir='ltr'><strong>noster,</strong></span> <span class='ocrx_word' id='word_1_106' title='bbox 991 1659 1062 1704; x_wconf 90' lang='lat' dir='ltr'><strong>oum</strong></span> <span class='ocrx_word' id='word_1_107' title='bbox 1084 1639 1261 1724; x_wconf 90' lang='lat' dir='ltr'><strong>plerisque</strong></span> <span class='ocrx_word' id='word_1_108' title='bbox 1288 1636 1385 1723; x_wconf 89' lang='lat' dir='ltr'><strong>epiois</strong></span> 
     </span>
     <span class='ocr_line' id='line_1_14' title="bbox 254 1739 1384 1826; baseline -0.004 -20"><span class='ocrx_word' id='word_1_109' title='bbox 254 1742 380 1808; x_wconf 87' lang='lat' dir='ltr'><strong>Latinis</strong></span> <span class='ocrx_word' id='word_1_110' title='bbox 406 1742 622 1822; x_wconf 90' lang='lat' dir='ltr'><strong>eonsentiens,</strong></span> <span class='ocrx_word' id='word_1_111' title='bbox 646 1742 698 1806; x_wconf 83' lang='lat' dir='ltr'><strong>vix</strong></span> <span class='ocrx_word' id='word_1_112' title='bbox 719 1742 818 1806; x_wconf 92' lang='lat' dir='ltr'><strong>ullum</strong></span> <span class='ocrx_word' id='word_1_113' title='bbox 841 1760 1008 1806; x_wconf 90' lang='lat' dir='ltr'><strong>numerum</strong></span> <span class='ocrx_word' id='word_1_114' title='bbox 1025 1749 1153 1826; x_wconf 87' lang='lat' dir='ltr'><strong>praeter</strong></span> <span class='ocrx_word' id='word_1_115' title='bbox 1175 1739 1342 1820; x_wconf 84' lang='lat' dir='ltr'><strong>,eentum‘</strong></span> <span class='ocrx_word' id='word_1_116' title='bbox 1357 1745 1384 1802; x_wconf 91' lang='lat' dir='ltr'><strong>et</strong></span> 
     </span>
     <span class='ocr_line' id='line_1_15' title="bbox 253 1840 1382 1928; baseline -0.006 -18"><span class='ocrx_word' id='word_1_117' title='bbox 253 1843 360 1924; x_wconf 85' lang='lat' dir='ltr'><strong>,mille&#39;</strong></span> <span class='ocrx_word' id='word_1_118' title='bbox 384 1843 574 1928; x_wconf 76' lang='lat' dir='ltr'><strong>simpliciter</strong></span> <span class='ocrx_word' id='word_1_119' title='bbox 600 1843 715 1928; x_wconf 86' lang='lat' dir='ltr'><strong>poenit,</strong></span> <span class='ocrx_word' id='word_1_120' title='bbox 739 1842 796 1908; x_wconf 90' lang='lat' dir='ltr'><strong>sed</strong></span> <span class='ocrx_word' id='word_1_121' title='bbox 819 1842 887 1907; x_wconf 83' lang='lat' dir='ltr'><strong>lere</strong></span> <span class='ocrx_word' id='word_1_122' title='bbox 903 1843 1021 1926; x_wconf 91' lang='lat' dir='ltr'><strong>ubique</strong></span> <span class='ocrx_word' id='word_1_123' title='bbox 1036 1862 1093 1926; x_wconf 92' lang='lat' dir='ltr'><strong>per</strong></span> <span class='ocrx_word' id='word_1_124' title='bbox 1111 1844 1263 1926; x_wconf 90' lang='lat' dir='ltr'><strong>partium</strong></span> <span class='ocrx_word' id='word_1_125' title='bbox 1280 1840 1382 1908; x_wconf 90' lang='lat' dir='ltr'><strong>distri·</strong></span> 
     </span>
     <span class='ocr_line' id='line_1_16' title="bbox 255 1942 1381 2030; baseline -0.004 -20"><span class='ocrx_word' id='word_1_126' title='bbox 255 1945 416 2011; x_wconf 91' lang='lat' dir='ltr'><strong>butionem</strong></span> <span class='ocrx_word' id='word_1_127' title='bbox 450 1956 482 2010; x_wconf 90' lang='lat' dir='ltr'><strong>et</strong></span> <span class='ocrx_word' id='word_1_128' title='bbox 515 1945 813 2030; x_wconf 89' lang='lat' dir='ltr'><strong>multiplioationem</strong></span> <span class='ocrx_word' id='word_1_129' title='bbox 847 1945 1010 2028; x_wconf 82' lang='lat' dir='ltr'><strong>expressit.</strong></span> <span class='ocrx_word' id='word_1_130' title='bbox 1053 1945 1123 2010; x_wconf 90' lang='lat' dir='ltr'><strong>Hoo</strong></span> <span class='ocrx_word' id='word_1_131' title='bbox 1144 1953 1265 2010; x_wconf 89' lang='lat' dir='ltr'><strong>autern</strong></span> <span class='ocrx_word' id='word_1_132' title='bbox 1291 1942 1381 2010; x_wconf 91' lang='lat' dir='ltr'><strong>modo</strong></span> 
     </span>
     <span class='ocr_line' id='line_1_17' title="bbox 253 2046 1380 2132; baseline -0.006 -18"><span class='ocrx_word' id='word_1_133' title='bbox 253 2049 280 2114; x_wconf 91' lang='lat' dir='ltr'><strong>si</strong></span> <span class='ocrx_word' id='word_1_134' title='bbox 304 2048 439 2132; x_wconf 91' lang='lat' dir='ltr'><strong>,novem&#39;</strong></span> <span class='ocrx_word' id='word_1_135' title='bbox 462 2057 600 2114; x_wconf 89' lang='lat' dir='ltr'><strong>traotare</strong></span> <span class='ocrx_word' id='word_1_136' title='bbox 623 2046 788 2127; x_wconf 90' lang='lat' dir='ltr'><strong>voluisset,</strong></span> <span class='ocrx_word' id='word_1_137' title='bbox 811 2055 869 2126; x_wconf 90' lang='lat' dir='ltr'><strong>,ter</strong></span> <span class='ocrx_word' id='word_1_138' title='bbox 885 2049 1055 2111; x_wconf 87' lang='lat' dir='ltr'><strong>ternorum&#39;</strong></span> <span class='ocrx_word' id='word_1_139' title='bbox 1072 2046 1208 2112; x_wconf 86' lang='lat' dir='ltr'><strong>dissona</strong></span> <span class='ocrx_word' id='word_1_140' title='bbox 1227 2047 1380 2112; x_wconf 89' lang='lat' dir='ltr'><strong>ooniuno·</strong></span> 
     </span>
     <span class='ocr_line' id='line_1_18' title="bbox 254 2146 1380 2231; baseline -0.006 -16"><span class='ocrx_word' id='word_1_141' title='bbox 254 2153 297 2216; x_wconf 91' lang='lat' dir='ltr'><strong>tio</strong></span> <span class='ocrx_word' id='word_1_142' title='bbox 327 2149 498 2216; x_wconf 89' lang='lat' dir='ltr'><strong>evenisset.</strong></span> <span class='ocrx_word' id='word_1_143' title='bbox 547 2152 659 2231; x_wconf 90' lang='lat' dir='ltr'><strong>ltaque</strong></span> <span class='ocrx_word' id='word_1_144' title='bbox 692 2148 751 2226; x_wconf 90' lang='lat' dir='ltr'><strong>‚bis</strong></span> <span class='ocrx_word' id='word_1_145' title='bbox 785 2147 891 2213; x_wconf 90' lang='lat' dir='ltr'><strong>senos’</strong></span> <span class='ocrx_word' id='word_1_146' title='bbox 926 2146 1081 2228; x_wconf 84' lang='lat' dir='ltr'><strong>adhibuit,</strong></span> <span class='ocrx_word' id='word_1_147' title='bbox 1114 2148 1168 2230; x_wconf 92' lang='lat' dir='ltr'><strong>qui</strong></span> <span class='ocrx_word' id='word_1_148' title='bbox 1204 2150 1380 2213; x_wconf 90' lang='lat' dir='ltr'><strong>verborum</strong></span> 
     </span>
     <span class='ocr_line' id='line_1_19' title="bbox 254 2248 1429 2335; baseline -0.008 -18"><span class='ocrx_word' id='word_1_149' title='bbox 254 2271 416 2318; x_wconf 84' lang='lat' dir='ltr'><strong>connexus</strong></span> <span class='ocrx_word' id='word_1_150' title='bbox 440 2254 543 2335; x_wconf 91' lang='lat' dir='ltr'><strong>poetis</strong></span> <span class='ocrx_word' id='word_1_151' title='bbox 567 2249 668 2330; x_wconf 89' lang='lat' dir='ltr'><strong>epiois</strong></span> <span class='ocrx_word' id='word_1_152' title='bbox 691 2249 920 2314; x_wconf 90' lang='lat' dir='ltr'><strong>usitatissimus</strong></span> <span class='ocrx_word' id='word_1_153' title='bbox 937 2258 1015 2329; x_wconf 88' lang='lat' dir='ltr'><strong>erat,</strong></span> <span class='ocrx_word' id='word_1_154' title='bbox 1031 2257 1066 2314; x_wconf 91' lang='lat' dir='ltr'><strong>ut</strong></span> <span class='ocrx_word' id='word_1_155' title='bbox 1081 2249 1197 2314; x_wconf 91' lang='lat' dir='ltr'><strong>dooent</strong></span> <span class='ocrx_word' id='word_1_156' title='bbox 1211 2248 1379 2332; x_wconf 87' lang='lat' dir='ltr'><strong>exempla:</strong></span> <span class='ocrx_word' id='word_1_157' title='bbox 1428 2263 1429 2319; x_wconf 72' lang='lat' dir='ltr'><strong>r</strong></span> 
     </span>
    </p>
   </div>
   <div class='ocr_carea' id='block_1_3' title="bbox 253 2425 466 2436">
    <p class='ocr_par' dir='ltr' id='par_1_3' title="bbox 253 2425 466 2436">
     <span class='ocr_line' id='line_1_20' title="bbox 253 2425 466 2436; baseline -0.014 0"><span class='ocrx_word' id='word_1_158' title='bbox 253 2425 466 2436; x_wconf 78' lang='lat'>-.....---—-·-</span> 
     </span>
    </p>
   </div>
   <div class='ocr_carea' id='block_1_4' title="bbox 251 2513 1428 4005">
    <p class='ocr_par' dir='ltr' id='par_1_4' title="bbox 254 2513 1375 2586">
     <span class='ocr_line' id='line_1_21' title="bbox 254 2513 1375 2586; baseline -0.006 -14"><span class='ocrx_word' id='word_1_159' title='bbox 254 2517 399 2572; x_wconf 88' lang='lat' dir='ltr'><strong>oollooaret</strong></span> <span class='ocrx_word' id='word_1_160' title='bbox 417 2515 443 2584; x_wconf 65' lang='lat' dir='ltr'><strong>(fi</strong></span> <span class='ocrx_word' id='word_1_161' title='bbox 461 2513 500 2584; x_wconf 86' lang='lat'><strong>8),</strong></span> <span class='ocrx_word' id='word_1_162' title='bbox 525 2515 740 2584; x_wconf 81' lang='lat' dir='ltr'><strong>praetermisisse</strong></span> <span class='ocrx_word' id='word_1_163' title='bbox 758 2516 833 2570; x_wconf 88' lang='lat' dir='ltr'><strong>haud</strong></span> <span class='ocrx_word' id='word_1_164' title='bbox 860 2531 949 2584; x_wconf 85' lang='lat' dir='ltr'><strong>aegre,</strong></span> <span class='ocrx_word' id='word_1_165' title='bbox 971 2519 1004 2569; x_wconf 91' lang='lat' dir='ltr'><strong>ut</strong></span> <span class='ocrx_word' id='word_1_166' title='bbox 1029 2518 1188 2581; x_wconf 85' lang='lat' dir='ltr'><strong>statuamus,</strong></span> <span class='ocrx_word' id='word_1_167' title='bbox 1214 2517 1375 2586; x_wconf 87' lang='lat' dir='ltr'><strong>pellleimur.</strong></span> 
     </span>
    </p>

    <p class='ocr_par' dir='ltr' id='par_1_5' title="bbox 252 2603 1375 2676">
     <span class='ocr_line' id='line_1_22' title="bbox 252 2603 1375 2676; baseline -0.009 -15"><span class='ocrx_word' id='word_1_168' title='bbox 252 2606 289 2661; x_wconf 82' lang='lat' dir='ltr'><strong>Et</strong></span> <span class='ocrx_word' id='word_1_169' title='bbox 314 2607 402 2674; x_wconf 88' lang='lat' dir='ltr'><strong>ipsam</strong></span> <span class='ocrx_word' id='word_1_170' title='bbox 428 2603 501 2658; x_wconf 89' lang='lat' dir='ltr'><strong>hano</strong></span> <span class='ocrx_word' id='word_1_171' title='bbox 527 2604 781 2671; x_wconf 83' lang='lat' dir='ltr'><strong>interpretationem</strong></span> <span class='ocrx_word' id='word_1_172' title='bbox 805 2605 898 2659; x_wconf 84' lang='lat' dir='ltr'><strong>Livius</strong></span> <span class='ocrx_word' id='word_1_173' title='bbox 922 2603 993 2668; x_wconf 89' lang='lat' dir='ltr'><strong>XXl,</strong></span> <span class='ocrx_word' id='word_1_174' title='bbox 1013 2621 1036 2658; x_wconf 89' lang='grc' dir='ltr'><strong>ο.</strong></span> <span class='ocrx_word' id='word_1_175' title='bbox 1055 2605 1090 2658; x_wconf 79' lang='grc'><strong>32</strong></span> <span class='ocrx_word' id='word_1_176' title='bbox 1107 2605 1124 2673; x_wconf 66' lang='grc' dir='ltr'><strong>ἕ</strong></span> <span class='ocrx_word' id='word_1_177' title='bbox 1143 2606 1178 2660; x_wconf 91' lang='grc'><strong>10</strong></span> <span class='ocrx_word' id='word_1_178' title='bbox 1196 2621 1240 2676; x_wconf 87' lang='lat' dir='ltr'><strong>eq.</strong></span> <span class='ocrx_word' id='word_1_179' title='bbox 1269 2605 1375 2659; x_wconf 88' lang='lat' dir='ltr'><strong>seoutns</strong></span> 
     </span>
    </p>

    <p class='ocr_par' dir='ltr' id='par_1_6' title="bbox 254 2688 1372 2765">
     <span class='ocr_line' id='line_1_23' title="bbox 254 2688 1372 2765; baseline -0.007 -15"><span class='ocrx_word' id='word_1_180' title='bbox 254 2697 306 2762; x_wconf 87' lang='lat' dir='ltr'><strong>est,</strong></span> <span class='ocrx_word' id='word_1_181' title='bbox 323 2709 495 2765; x_wconf 87' lang='lat' dir='ltr'><strong>quamquam,</strong></span> <span class='ocrx_word' id='word_1_182' title='bbox 520 2693 544 2746; x_wconf 93' lang='lat' dir='ltr'><strong>si</strong></span> <span class='ocrx_word' id='word_1_183' title='bbox 568 2697 696 2746; x_wconf 87' lang='lat' dir='ltr'><strong>aoourate</strong></span> <span class='ocrx_word' id='word_1_184' title='bbox 721 2693 851 2748; x_wconf 89' lang='lat' dir='ltr'><strong>rationem</strong></span> <span class='ocrx_word' id='word_1_185' title='bbox 880 2693 1048 2757; x_wconf 85' lang='lat' dir='ltr'><strong>subduxeris,</strong></span> <span class='ocrx_word' id='word_1_186' title='bbox 1071 2693 1113 2748; x_wconf 92' lang='lat' dir='ltr'><strong>his</strong></span> <span class='ocrx_word' id='word_1_187' title='bbox 1137 2697 1228 2748; x_wconf 87' lang='lat' dir='ltr'><strong>eastra</strong></span> <span class='ocrx_word' id='word_1_188' title='bbox 1255 2709 1313 2748; x_wconf 91' lang='lat' dir='ltr'><strong>uno</strong></span> <span class='ocrx_word' id='word_1_189' title='bbox 1338 2688 1372 2742; x_wconf 90' lang='lat' dir='ltr'><strong>die</strong></span> 
     </span>
    </p>

    <p class='ocr_par' dir='ltr' id='par_1_7' title="bbox 251 2780 1428 4005">
     <span class='ocr_line' id='line_1_24' title="bbox 253 2780 1428 2850; baseline 0.002 -12"><span class='ocrx_word' id='word_1_190' title='bbox 253 2783 403 2838; x_wconf 88' lang='lat' dir='ltr'><strong>Hannibali</strong></span> <span class='ocrx_word' id='word_1_191' title='bbox 431 2780 567 2836; x_wconf 87' lang='lat' dir='ltr'><strong>metienda</strong></span> <span class='ocrx_word' id='word_1_192' title='bbox 595 2780 681 2836; x_wconf 84' lang='lat' dir='ltr'><strong>fuisse</strong></span> <span class='ocrx_word' id='word_1_193' title='bbox 708 2782 837 2836; x_wconf 80' lang='lat' dir='ltr'><strong>invenies.</strong></span> <span class='ocrx_word' id='word_1_194' title='bbox 873 2781 928 2836; x_wconf 84' lang='lat' dir='ltr'><strong>Sed</strong></span> <span class='ocrx_word' id='word_1_195' title='bbox 954 2797 1086 2850; x_wconf 89' lang='lat' dir='ltr'><strong>ponamus</strong></span> <span class='ocrx_word' id='word_1_196' title='bbox 1110 2781 1177 2837; x_wconf 91' lang='lat' dir='ltr'><strong>duos</strong></span> <span class='ocrx_word' id='word_1_197' title='bbox 1202 2782 1266 2838; x_wconf 87' lang='lat' dir='ltr'><strong>dies</strong></span> <span class='ocrx_word' id='word_1_198' title='bbox 1296 2783 1373 2834; x_wconf 85' lang='lat' dir='ltr'><strong>inter·</strong></span> <span class='ocrx_word' id='word_1_199' title='bbox 1427 2827 1428 2840; x_wconf 30' lang='grc' dir='ltr'><em>ι</em></span> 
     </span>
     <span class='ocr_line' id='line_1_25' title="bbox 253 2855 1428 2940; baseline -0.003 -13"><span class='ocrx_word' id='word_1_200' title='bbox 253 2873 376 2928; x_wconf 89' lang='lat' dir='ltr'><strong>oeseisse.</strong></span> <span class='ocrx_word' id='word_1_201' title='bbox 419 2870 496 2935; x_wconf 85' lang='lat' dir='ltr'><strong>Tum,</strong></span> <span class='ocrx_word' id='word_1_202' title='bbox 522 2885 583 2923; x_wconf 91' lang='lat' dir='ltr'><strong>oum</strong></span> <span class='ocrx_word' id='word_1_203' title='bbox 607 2869 755 2924; x_wconf 87' lang='lat' dir='ltr'><strong>seeundum</strong></span> <span class='ocrx_word' id='word_1_204' title='bbox 778 2869 872 2939; x_wconf 79' lang='lat' dir='ltr'><strong>Polyb.</strong></span> <span class='ocrx_word' id='word_1_205' title='bbox 892 2885 914 2925; x_wconf 89' lang='lat' dir='ltr'><strong>o.</strong></span> <span class='ocrx_word' id='word_1_206' title='bbox 932 2870 968 2926; x_wconf 81' lang='lat'><strong>50</strong></span> <span class='ocrx_word' id='word_1_207' title='bbox 985 2870 1002 2940; x_wconf 65' lang='lat' dir='ltr'><strong>fi</strong></span> <span class='ocrx_word' id='word_1_208' title='bbox 1020 2872 1038 2926; x_wconf 87' lang='grc'>9</span> <span class='ocrx_word' id='word_1_209' title='bbox 1055 2871 1193 2926; x_wconf 86' lang='lat' dir='ltr'><strong>Hannibal</strong></span> <span class='ocrx_word' id='word_1_210' title='bbox 1217 2874 1308 2926; x_wconf 88' lang='lat' dir='ltr'><strong>noetu</strong></span> <span class='ocrx_word' id='word_1_211' title='bbox 1330 2879 1371 2936; x_wconf 74' lang='lat' dir='ltr'><strong>ptr</strong></span> <span class='ocrx_word' id='word_1_212' title='bbox 1427 2855 1428 2924; x_wconf 79' lang='lat' dir='ltr'><strong>l</strong></span> 
     </span>
     <span class='ocr_line' id='line_1_26' title="bbox 253 2927 1428 3031; baseline -0.003 -17"><span class='ocrx_word' id='word_1_213' title='bbox 253 2962 326 3014; x_wconf 84' lang='lat' dir='ltr'><strong>viros</strong></span> <span class='ocrx_word' id='word_1_214' title='bbox 347 2953 623 3028; x_wconf 58' lang='lat' dir='ltr'><strong>idoneos‘angustias</strong></span> <span class='ocrx_word' id='word_1_215' title='bbox 643 2964 767 3028; x_wconf 88' lang='lat' dir='ltr'><strong>ooeupet,</strong></span> <span class='ocrx_word' id='word_1_216' title='bbox 787 2962 815 3013; x_wconf 89' lang='lat' dir='ltr'><strong>et</strong></span> <span class='ocrx_word' id='word_1_217' title='bbox 833 2959 980 3013; x_wconf 86' lang='lat' dir='ltr'><strong>seeundum</strong></span> <span class='ocrx_word' id='word_1_218' title='bbox 999 2975 1022 3012; x_wconf 86' lang='lat' dir='ltr'><strong>o.</strong></span> <span class='ocrx_word' id='word_1_219' title='bbox 1041 2959 1075 3014; x_wconf 78' lang='lat'><strong>51</strong></span> <span class='ocrx_word' id='word_1_220' title='bbox 1095 2959 1111 3028; x_wconf 64' lang='grc' dir='ltr'><strong>ἕ</strong></span> <span class='ocrx_word' id='word_1_221' title='bbox 1130 2961 1146 3014; x_wconf 94' lang='grc'>1</span> <span class='ocrx_word' id='word_1_222' title='bbox 1176 2959 1234 3015; x_wconf 84' lang='lat' dir='ltr'><strong>dies</strong></span> <span class='ocrx_word' id='word_1_223' title='bbox 1255 2955 1372 3031; x_wconf 75' lang='lat' dir='ltr'><strong>appetet,</strong></span> <span class='ocrx_word' id='word_1_224' title='bbox 1427 2927 1428 2980; x_wconf 43' lang='lat'><em>³</em></span> 
     </span>
     <span class='ocr_line' id='line_1_27' title="bbox 254 3045 1369 3119; baseline -0.005 -17"><span class='ocrx_word' id='word_1_225' title='bbox 254 3065 305 3119; x_wconf 92' lang='lat' dir='ltr'><strong>quo</strong></span> <span class='ocrx_word' id='word_1_226' title='bbox 324 3064 386 3102; x_wconf 91' lang='lat' dir='ltr'><strong>oum</strong></span> <span class='ocrx_word' id='word_1_227' title='bbox 405 3045 528 3101; x_wconf 89' lang='lat' dir='ltr'><strong>barbaris</strong></span> <span class='ocrx_word' id='word_1_228' title='bbox 546 3049 684 3116; x_wconf 84' lang='lat' dir='ltr'><strong>pugnatur</strong></span> <span class='ocrx_word' id='word_1_229' title='bbox 704 3050 733 3101; x_wconf 88' lang='lat' dir='ltr'><strong>et</strong></span> <span class='ocrx_word' id='word_1_230' title='bbox 751 3045 877 3116; x_wconf 90' lang='lat' dir='ltr'><strong>oppidum</strong></span> <span class='ocrx_word' id='word_1_231' title='bbox 893 3063 983 3101; x_wconf 91' lang='lat' dir='ltr'><strong>eorum</strong></span> <span class='ocrx_word' id='word_1_232' title='bbox 995 3049 1132 3102; x_wconf 90' lang='lat' dir='ltr'><strong>munitum</strong></span> <span class='ocrx_word' id='word_1_233' title='bbox 1145 3049 1262 3118; x_wconf 89' lang='lat' dir='ltr'><strong>eapitur,</strong></span> <span class='ocrx_word' id='word_1_234' title='bbox 1278 3045 1369 3102; x_wconf 81' lang='lat' dir='ltr'><strong>tertius</strong></span> 
     </span>
     <span class='ocr_line' id='line_1_28' title="bbox 254 3133 1371 3206; baseline -0.006 -15"><span class='ocrx_word' id='word_1_235' title='bbox 254 3137 312 3192; x_wconf 91' lang='lat' dir='ltr'><strong>dies</strong></span> <span class='ocrx_word' id='word_1_236' title='bbox 331 3137 392 3192; x_wconf 85' lang='lat' dir='ltr'><strong>erit.</strong></span> <span class='ocrx_word' id='word_1_237' title='bbox 430 3133 548 3199; x_wconf 76' lang='lat' dir='ltr'><strong>Quartus</strong></span> <span class='ocrx_word' id='word_1_238' title='bbox 567 3139 694 3204; x_wconf 89' lang='lat' dir='ltr'><strong>sequetur</strong></span> <span class='ocrx_word' id='word_1_239' title='bbox 711 3137 745 3201; x_wconf 89' lang='lat' dir='ltr'><strong>is,</strong></span> <span class='ocrx_word' id='word_1_240' title='bbox 764 3152 843 3206; x_wconf 90' lang='lat' dir='ltr'><strong>quern</strong></span> <span class='ocrx_word' id='word_1_241' title='bbox 856 3135 996 3190; x_wconf 85' lang='lat' dir='ltr'><strong>Hannibal</strong></span> <span class='ocrx_word' id='word_1_242' title='bbox 1014 3135 1051 3189; x_wconf 91' lang='lat' dir='ltr'><strong>ibi</strong></span> <span class='ocrx_word' id='word_1_243' title='bbox 1070 3140 1189 3192; x_wconf 87' lang='lat' dir='ltr'><strong>moratus</strong></span> <span class='ocrx_word' id='word_1_244' title='bbox 1202 3154 1263 3193; x_wconf 88' lang='lat' dir='ltr'><strong>esse</strong></span> <span class='ocrx_word' id='word_1_245' title='bbox 1277 3133 1371 3190; x_wconf 86' lang='lat' dir='ltr'><strong>dieitur</strong></span> 
     </span>
     <span class='ocr_line' id='line_1_29' title="bbox 252 3214 1370 3298; baseline -0.007 -18"><span class='ocrx_word' id='word_1_246' title='bbox 252 3225 286 3297; x_wconf 85' lang='lat' dir='ltr'><strong>(o.</strong></span> <span class='ocrx_word' id='word_1_247' title='bbox 305 3225 340 3279; x_wconf 80' lang='grc'><strong>52</strong></span> <span class='ocrx_word' id='word_1_248' title='bbox 358 3226 373 3294; x_wconf 65' lang='grc' dir='ltr'>ξ</span> <span class='ocrx_word' id='word_1_249' title='bbox 392 3222 427 3292; x_wconf 89' lang='grc'><strong>1).</strong></span> <span class='ocrx_word' id='word_1_250' title='bbox 464 3222 570 3277; x_wconf 87' lang='lat' dir='ltr'><strong>Deinde</strong></span> <span class='ocrx_word' id='word_1_251' title='bbox 588 3224 613 3278; x_wconf 89' lang='lat' dir='ltr'><strong>si</strong></span> <span class='ocrx_word' id='word_1_252' title='bbox 630 3225 715 3279; x_wconf 80' lang='lat' dir='ltr'><strong>verbe.</strong></span> <span class='ocrx_word' id='word_1_253' title='bbox 738 3230 796 3280; x_wconf 75' lang='grc' dir='ltr'><strong><em>ταῖς</em></strong></span> <span class='ocrx_word' id='word_1_254' title='bbox 814 3214 897 3293; x_wconf 70' lang='grc' dir='ltr'><em>δ’ἑξῆε</em></span> <span class='ocrx_word' id='word_1_255' title='bbox 914 3229 987 3295; x_wconf 69' lang='grc' dir='ltr'><em>μέχρι</em></span> <span class='ocrx_word' id='word_1_256' title='bbox 1002 3229 1053 3293; x_wconf 73' lang='grc' dir='ltr'><strong>μέν</strong></span> <span class='ocrx_word' id='word_1_257' title='bbox 1069 3245 1142 3280; x_wconf 76' lang='grc' dir='ltr'><em>τινος</em></span> <span class='ocrx_word' id='word_1_258' title='bbox 1159 3217 1286 3298; x_wconf 60' lang='lat' dir='ltr'><strong>dapalis</strong></span> <span class='ocrx_word' id='word_1_259' title='bbox 1303 3219 1370 3287; x_wconf 64' lang='lat' dir='ltr'><strong>dalye</strong></span> 
     </span>
     <span class='ocr_line' id='line_1_30' title="bbox 251 3307 1370 3386; baseline -0.007 -17"><span class='ocrx_word' id='word_1_260' title='bbox 251 3312 304 3369; x_wconf 63' lang='lat' dir='ltr'><strong>adv</strong></span> <span class='ocrx_word' id='word_1_261' title='bbox 321 3307 458 3384; x_wconf 78' lang='grc' dir='ltr'><em>στρατιάν,</em></span> <span class='ocrx_word' id='word_1_262' title='bbox 474 3308 526 3378; x_wconf 53' lang='lat' dir='ltr'><strong>aido</strong></span> <span class='ocrx_word' id='word_1_263' title='bbox 544 3310 790 3384; x_wconf 58' lang='lat' dir='ltr'><strong>deserueramus</strong></span> <span class='ocrx_word' id='word_1_264' title='bbox 808 3310 848 3367; x_wconf 76' lang='grc' dir='ltr'><strong>ὢν</strong></span> <span class='ocrx_word' id='word_1_265' title='bbox 865 3315 900 3370; x_wconf 68' lang='grc' dir='ltr'><strong>εἰς</strong></span> <span class='ocrx_word' id='word_1_266' title='bbox 917 3309 1053 3368; x_wconf 71' lang='grc' dir='ltr'><em>κινδίψοοο</em></span> <span class='ocrx_word' id='word_1_267' title='bbox 1069 3319 1229 3385; x_wconf 77' lang='grc' dir='ltr'><em>παρεγένετο</em></span> <span class='ocrx_word' id='word_1_268' title='bbox 1249 3308 1370 3386; x_wconf 70' lang='grc' dir='ltr'><strong>μεγάλοιο</strong></span> 
     </span>
     <span class='ocr_line' id='line_1_31' title="bbox 252 3401 1368 3473; baseline -0.004 -15"><span class='ocrx_word' id='word_1_269' title='bbox 252 3402 280 3473; x_wconf 65' lang='grc' dir='ltr'><strong>(ἕ</strong></span> <span class='ocrx_word' id='word_1_270' title='bbox 299 3403 326 3472; x_wconf 81' lang='grc'><strong>2)</strong></span> <span class='ocrx_word' id='word_1_271' title='bbox 345 3402 378 3456; x_wconf 92' lang='lat' dir='ltr'><strong>de</strong></span> <span class='ocrx_word' id='word_1_272' title='bbox 397 3403 527 3472; x_wconf 84' lang='lat' dir='ltr'><strong>quattuor</strong></span> <span class='ocrx_word' id='word_1_273' title='bbox 547 3401 642 3456; x_wconf 90' lang='lat' dir='ltr'><strong>diebus</strong></span> <span class='ocrx_word' id='word_1_274' title='bbox 660 3402 775 3456; x_wconf 83' lang='lat' dir='ltr'><strong>adiectis</strong></span> <span class='ocrx_word' id='word_1_275' title='bbox 794 3402 994 3470; x_wconf 83' lang='lat' dir='ltr'><strong>explieabinrns,</strong></span> <span class='ocrx_word' id='word_1_276' title='bbox 1013 3404 1120 3470; x_wconf 88' lang='lat' dir='ltr'><strong>tempus</strong></span> <span class='ocrx_word' id='word_1_277' title='bbox 1139 3417 1155 3456; x_wconf 92' lang='lat' dir='ltr'><strong>a</strong></span> <span class='ocrx_word' id='word_1_278' title='bbox 1172 3403 1270 3472; x_wconf 88' lang='lat' dir='ltr'><strong>quinto</strong></span> <span class='ocrx_word' id='word_1_279' title='bbox 1289 3411 1368 3468; x_wconf 71' lang='lat' dir='ltr'><strong>usquo</strong></span> 
     </span>
     <span class='ocr_line' id='line_1_32' title="bbox 253 3489 1367 3560; baseline -0.005 -14"><span class='ocrx_word' id='word_1_280' title='bbox 253 3491 288 3546; x_wconf 85' lang='lat' dir='ltr'><strong>od</strong></span> <span class='ocrx_word' id='word_1_281' title='bbox 307 3494 429 3544; x_wconf 86' lang='lat' dir='ltr'><strong>octavum</strong></span> <span class='ocrx_word' id='word_1_282' title='bbox 448 3489 520 3546; x_wconf 89' lang='lat' dir='ltr'><strong>diem</strong></span> <span class='ocrx_word' id='word_1_283' title='bbox 539 3490 754 3560; x_wconf 88' lang='lat' dir='ltr'><strong>praeterlapsum</strong></span> <span class='ocrx_word' id='word_1_284' title='bbox 773 3489 877 3550; x_wconf 80' lang='lat' dir='ltr'><strong>evadet.</strong></span> <span class='ocrx_word' id='word_1_285' title='bbox 914 3490 1022 3546; x_wconf 89' lang='lat' dir='ltr'><strong>Nonum</strong></span> <span class='ocrx_word' id='word_1_286' title='bbox 1041 3507 1217 3556; x_wconf 88' lang='lat' dir='ltr'><strong>aroessemus,</strong></span> <span class='ocrx_word' id='word_1_287' title='bbox 1237 3493 1262 3546; x_wconf 92' lang='lat' dir='ltr'><strong>si</strong></span> <span class='ocrx_word' id='word_1_288' title='bbox 1281 3509 1296 3545; x_wconf 91' lang='lat' dir='ltr'><strong>e</strong></span> <span class='ocrx_word' id='word_1_289' title='bbox 1314 3501 1367 3540; x_wconf 85' lang='lat' dir='ltr'><strong>ver·</strong></span> 
     </span>
     <span class='ocr_line' id='line_1_33' title="bbox 252 3569 1367 3650; baseline -0.004 -17"><span class='ocrx_word' id='word_1_290' title='bbox 252 3581 296 3633; x_wconf 87' lang='lat' dir='ltr'><strong>bis</strong></span> <span class='ocrx_word' id='word_1_291' title='bbox 316 3578 479 3650; x_wconf 78' lang='lat' dir='ltr'><strong>paragraphi</strong></span> <span class='ocrx_word' id='word_1_292' title='bbox 498 3581 589 3632; x_wconf 77' lang='lat' dir='ltr'><strong>sextae</strong></span> <span class='ocrx_word' id='word_1_293' title='bbox 607 3575 712 3631; x_wconf 65' lang='lat' dir='ltr'><strong>aroldo</strong></span> <span class='ocrx_word' id='word_1_294' title='bbox 729 3581 789 3646; x_wconf 78' lang='grc' dir='ltr'><strong>μὲν</strong></span> <span class='ocrx_word' id='word_1_295' title='bbox 804 3574 931 3650; x_wconf 80' lang='grc' dir='ltr'><em>χρόνον</em></span> <span class='ocrx_word' id='word_1_296' title='bbox 948 3569 1090 3650; x_wconf 62' lang='grc' dir='ltr'><em>ηὒοιβοῖτο</em></span> <span class='ocrx_word' id='word_1_297' title='bbox 1108 3586 1150 3632; x_wconf 76' lang='grc' dir='ltr'><strong>καὶ</strong></span> <span class='ocrx_word' id='word_1_298' title='bbox 1167 3577 1298 3646; x_wconf 79' lang='grc' dir='ltr'><em>διηπίστει</em></span> <span class='ocrx_word' id='word_1_299' title='bbox 1316 3577 1367 3629; x_wconf 60' lang='grc' dir='ltr'><em>τοῖο</em></span> 
     </span>
     <span class='ocr_line' id='line_1_34' title="bbox 252 3664 1365 3738; baseline -0.004 -17"><span class='ocrx_word' id='word_1_300' title='bbox 252 3667 399 3738; x_wconf 64' lang='grc' dir='ltr'><em>λεγομένοις</em></span> <span class='ocrx_word' id='word_1_301' title='bbox 417 3665 597 3720; x_wconf 85' lang='lat' dir='ltr'><strong>Hannibalern</strong></span> <span class='ocrx_word' id='word_1_302' title='bbox 617 3683 671 3719; x_wconf 92' lang='lat' dir='ltr'><strong>uon</strong></span> <span class='ocrx_word' id='word_1_303' title='bbox 690 3664 781 3721; x_wconf 93' lang='lat' dir='ltr'><strong>eodem</strong></span> <span class='ocrx_word' id='word_1_304' title='bbox 800 3667 853 3735; x_wconf 89' lang='lat' dir='ltr'><strong>die,</strong></span> <span class='ocrx_word' id='word_1_305' title='bbox 872 3683 925 3738; x_wconf 92' lang='lat' dir='ltr'><strong>quo</strong></span> <span class='ocrx_word' id='word_1_306' title='bbox 944 3668 1052 3723; x_wconf 83' lang='lat' dir='ltr'><strong>barbari</strong></span> <span class='ocrx_word' id='word_1_307' title='bbox 1069 3667 1179 3724; x_wconf 79' lang='lat' dir='ltr'><strong>fallaces</strong></span> <span class='ocrx_word' id='word_1_308' title='bbox 1199 3667 1365 3723; x_wconf 77' lang='lat' dir='ltr'><strong>eondioionot</strong></span> 
     </span>
     <span class='ocr_line' id='line_1_35' title="bbox 254 3749 1364 3828; baseline -0.009 -16"><span class='ocrx_word' id='word_1_309' title='bbox 254 3755 421 3820; x_wconf 85' lang='lat' dir='ltr'><strong>obtulerunt,</strong></span> <span class='ocrx_word' id='word_1_310' title='bbox 441 3755 490 3810; x_wconf 90' lang='lat' dir='ltr'><strong>sed</strong></span> <span class='ocrx_word' id='word_1_311' title='bbox 508 3755 626 3824; x_wconf 86' lang='lat' dir='ltr'><strong>proximo</strong></span> <span class='ocrx_word' id='word_1_312' title='bbox 646 3753 753 3808; x_wconf 92' lang='lat' dir='ltr'><strong>demum</strong></span> <span class='ocrx_word' id='word_1_313' title='bbox 772 3771 866 3826; x_wconf 88' lang='lat' dir='ltr'><strong>paoem</strong></span> <span class='ocrx_word' id='word_1_314' title='bbox 885 3772 945 3810; x_wconf 89' lang='lat' dir='ltr'><strong>eum</strong></span> <span class='ocrx_word' id='word_1_315' title='bbox 969 3757 1005 3811; x_wconf 91' lang='lat' dir='ltr'><strong>iis</strong></span> <span class='ocrx_word' id='word_1_316' title='bbox 1028 3757 1209 3828; x_wconf 88' lang='lat' dir='ltr'><strong>composuisse</strong></span> <span class='ocrx_word' id='word_1_317' title='bbox 1227 3749 1364 3811; x_wconf 86' lang='lat' dir='ltr'><strong>oonolude·</strong></span> 
     </span>
     <span class='ocr_line' id='line_1_36' title="bbox 254 3834 1427 3916; baseline -0.002 -18"><span class='ocrx_word' id='word_1_318' title='bbox 254 3861 323 3898; x_wconf 89' lang='lat' dir='ltr'><strong>mne.</strong></span> <span class='ocrx_word' id='word_1_319' title='bbox 359 3843 497 3900; x_wconf 82' lang='lat' dir='ltr'><strong>Aeeedent</strong></span> <span class='ocrx_word' id='word_1_320' title='bbox 515 3842 635 3898; x_wconf 89' lang='lat' dir='ltr'><strong>deeimus</strong></span> <span class='ocrx_word' id='word_1_321' title='bbox 656 3846 685 3897; x_wconf 88' lang='lat' dir='ltr'><strong>et</strong></span> <span class='ocrx_word' id='word_1_322' title='bbox 703 3843 862 3898; x_wconf 75' lang='lat' dir='ltr'><strong>undecimus</strong></span> <span class='ocrx_word' id='word_1_323' title='bbox 881 3845 952 3909; x_wconf 92' lang='lat' dir='ltr'><strong>inde,</strong></span> <span class='ocrx_word' id='word_1_324' title='bbox 970 3843 1043 3916; x_wconf 92' lang='lat' dir='ltr'><strong>quod</strong></span> <span class='ocrx_word' id='word_1_325' title='bbox 1055 3845 1140 3900; x_wconf 90' lang='lat' dir='ltr'><strong>Poeni</strong></span> <span class='ocrx_word' id='word_1_326' title='bbox 1158 3849 1213 3900; x_wconf 74' lang='grc' dir='ltr'><strong>ἐπὶ</strong></span> <span class='ocrx_word' id='word_1_327' title='bbox 1230 3841 1267 3900; x_wconf 80' lang='grc' dir='ltr'><strong>δι’</strong></span> <span class='ocrx_word' id='word_1_328' title='bbox 1284 3834 1361 3909; x_wconf 57' lang='lat' dir='ltr'><strong>&#39;aiud</strong></span> <span class='ocrx_word' id='word_1_329' title='bbox 1426 3869 1427 3896; x_wconf 78' lang='lat'>1</span> 
     </span>
     <span class='ocr_line' id='line_1_37' title="bbox 253 3897 1427 4005; baseline -0.008 -19"><span class='ocrx_word' id='word_1_330' title='bbox 253 3953 326 4005; x_wconf 77' lang='grc' dir='ltr'><strong>ραις</strong></span> <span class='ocrx_word' id='word_1_331' title='bbox 343 3932 550 4000; x_wconf 81' lang='lat' dir='ltr'><strong>proficiscuntur</strong></span> <span class='ocrx_word' id='word_1_332' title='bbox 564 3932 591 4002; x_wconf 64' lang='lat' dir='ltr'><strong>(fi</strong></span> <span class='ocrx_word' id='word_1_333' title='bbox 603 3931 631 4002; x_wconf 86' lang='grc'><strong>8)</strong></span> <span class='ocrx_word' id='word_1_334' title='bbox 650 3933 808 4002; x_wconf 88' lang='lat' dir='ltr'><strong>priusquam</strong></span> <span class='ocrx_word' id='word_1_335' title='bbox 826 3934 918 3988; x_wconf 90' lang='lat' dir='ltr'><strong>hostes</strong></span> <span class='ocrx_word' id='word_1_336' title='bbox 931 3949 974 3988; x_wconf 90' lang='lat' dir='ltr'><strong>eos</strong></span> <span class='ocrx_word' id='word_1_337' title='bbox 987 3934 1103 4002; x_wconf 85' lang='lat' dir='ltr'><strong>aggredi</strong></span> <span class='ocrx_word' id='word_1_338' title='bbox 1120 3935 1230 3991; x_wconf 88' lang='lat' dir='ltr'><strong>audent.</strong></span> <span class='ocrx_word' id='word_1_339' title='bbox 1250 3933 1361 4001; x_wconf 86' lang='lat' dir='ltr'><strong>Sequens</strong></span> <span class='ocrx_word' id='word_1_340' title='bbox 1426 3897 1427 3949; x_wconf 43' lang='lat'>³</span> 
     </span>
    </p>
   </div>
   <div class='ocr_carea' id='block_1_5' title="bbox 253 4009 1359 4188">
    <p class='ocr_par' dir='ltr' id='par_1_8' title="bbox 253 4009 1359 4188">
     <span class='ocr_line' id='line_1_38' title="bbox 256 4009 1359 4102; baseline -0.005 -26"><span class='ocrx_word' id='word_1_341' title='bbox 256 4021 381 4102; x_wconf 86' lang='lat' dir='ltr'><strong>denique,</strong></span> <span class='ocrx_word' id='word_1_342' title='bbox 405 4036 457 4090; x_wconf 91' lang='lat' dir='ltr'><strong>qno</strong></span> <span class='ocrx_word' id='word_1_343' title='bbox 475 4020 584 4076; x_wconf 87' lang='lat' dir='ltr'><strong>barbari</strong></span> <span class='ocrx_word' id='word_1_344' title='bbox 601 4020 733 4076; x_wconf 79' lang='lat' dir='ltr'><strong>recedunt</strong></span> <span class='ocrx_word' id='word_1_345' title='bbox 752 4024 781 4074; x_wconf 88' lang='lat' dir='ltr'><strong>et</strong></span> <span class='ocrx_word' id='word_1_346' title='bbox 797 4021 936 4078; x_wconf 86' lang='lat' dir='ltr'><strong>Hannibal</strong></span> <span class='ocrx_word' id='word_1_347' title='bbox 959 4021 1060 4093; x_wconf 73' lang='grc' dir='ltr'><em>προῆγε</em></span> <span class='ocrx_word' id='word_1_348' title='bbox 1076 4021 1143 4094; x_wconf 74' lang='grc' dir='ltr'><strong>πρῖε</strong></span> <span class='ocrx_word' id='word_1_349' title='bbox 1160 4021 1208 4080; x_wconf 73' lang='grc' dir='ltr'><strong>τοὶς</strong></span> <span class='ocrx_word' id='word_1_350' title='bbox 1225 4009 1359 4092; x_wconf 69' lang='grc' dir='ltr'><strong>ἱπορβολὰι</strong></span> 
     </span>
     <span class='ocr_line' id='line_1_39' title="bbox 253 4097 938 4188; baseline 0.006 -24"><span class='ocrx_word' id='word_1_351' title='bbox 253 4108 301 4168; x_wconf 72' lang='grc' dir='ltr'><strong>τὰς</strong></span> <span class='ocrx_word' id='word_1_352' title='bbox 319 4097 458 4164; x_wconf 73' lang='grc' dir='ltr'><em>ιἰνοιτότας</em></span> <span class='ocrx_word' id='word_1_353' title='bbox 474 4106 663 4178; x_wconf 60' lang='lat' dir='ltr'><strong>ecdem-neom,</strong></span> <span class='ocrx_word' id='word_1_354' title='bbox 683 4108 859 4188; x_wconf 73' lang='lat' dir='ltr'><strong>duodecimus</strong></span> <span class='ocrx_word' id='word_1_355' title='bbox 879 4110 938 4168; x_wconf 77' lang='lat' dir='ltr'><strong>erit.</strong></span> 
     </span>
    </p>
   </div>
   <div class='ocr_carea' id='block_1_6' title="bbox 361 4195 724 4268">
    <p class='ocr_par' dir='ltr' id='par_1_9' title="bbox 361 4195 724 4268">
     <span class='ocr_line' id='line_1_40' title="bbox 361 4195 724 4268; baseline 0.006 -16"><span class='ocrx_word' id='word_1_356' title='bbox 361 4197 389 4268; x_wconf 84' lang='lat'><strong>1)</strong></span> <span class='ocrx_word' id='word_1_357' title='bbox 408 4196 441 4253; x_wconf 82' lang='lat' dir='ltr'><strong>ol.</strong></span> <span class='ocrx_word' id='word_1_358' title='bbox 460 4195 544 4252; x_wconf 88' lang='lat' dir='ltr'><strong>Lehrs</strong></span> <span class='ocrx_word' id='word_1_359' title='bbox 563 4197 599 4252; x_wconf 90' lang='lat' dir='ltr'><strong>ib.</strong></span> <span class='ocrx_word' id='word_1_360' title='bbox 618 4215 644 4268; x_wconf 88' lang='lat' dir='ltr'><strong>p.</strong></span> <span class='ocrx_word' id='word_1_361' title='bbox 663 4197 724 4254; x_wconf 81' lang='lat'><strong>250.</strong></span> 
     </span>
    </p>
   </div>
   <div class='ocr_carea' id='block_1_7' title="bbox 0 0 1458 4724">
    <p class='ocr_par' dir='ltr' id='par_1_10' title="bbox 0 0 1458 4724">
     <span class='ocr_line' id='line_1_41' title="bbox 0 0 1458 4724; baseline 0 0"><span class='ocrx_word' id='word_1_362' title='bbox 0 0 1458 4724; x_wconf 95' lang='lat' dir='ltr'><strong> </strong></span> 
     </span>
    </p>
   </div>
  </div>
 </body>
</html>
