2936 4718
782 325 802 390 8

239 529 475 593 nonnumquam
500 510 602 576 bonae
625 509 710 592 frugi
732 519 807 575 sunt
829 509 1020 575 consulenti.
1064 511 1129 576 Sed
1152 513 1213 578 hae
1229 532 1351 593 omnes,

239 632 372 696 quarum
393 612 587 677 recentiores
611 611 764 678 Occionic
788 613 916 696 saepius
949 611 982 675 in
1016 611 1276 680 adnotationibus
1309 615 1352 697 ,le

238 734 341 780 nuove
364 715 415 779 vel
435 715 466 779 le
491 713 643 778 moderno
665 714 814 780 edizicni'
835 714 1000 798 appellare
1015 714 1132 799 placet,
1155 703 1257 782 nostri
1279 717 1353 783 aevi

239 815 409 899 postulatis
431 836 494 882 non
519 816 689 882 sufficiunt.
731 817 812 882 Nam
847 837 918 882 cum
945 823 1073 900 praeter
1095 817 1250 884 lectiones
1273 839 1352 884 non·

239 919 396 984 nullorum
429 917 593 984 hominum
625 919 790 984 doctorum
823 938 921 1002 opera
943 938 961 983 e
983 918 1107 1003 perdito
1130 920 1210 985 libro
1233 921 1351 986 Oolo-

239 1019 374 1084 niensi
402 1028 570 1104 excerptas
606 1041 670 1086 non
703 1021 795 1086 modo
828 1041 892 1086 non
925 1022 1031 1087 omnia
1064 1022 1351 1105 sangallensis

240 1121 425 1206 apographa
458 1123 491 1187 in
525 1143 618 1188 suum
651 1143 743 1190 nsum
766 1123 998 1188 convertissent
1020 1143 1192 1208 eorumque
1214 1126 1351 1208 pretium

241 1232 390 1290 accurate
412 1225 670 1308 perpendissent,
704 1225 771 1308 sed,
803 1226 880 1290 licet
901 1225 1004 1308 inviti,
1027 1225 1103 1292 lere.
1122 1227 1154 1291 in
1179 1227 1350 1293 deterrimo

240 1346 366 1410 quoque
388 1328 605 1411 manuscripto
628 1329 814 1400 niterentur,
837 1327 927 1393 multi
948 1328 1014 1392 iam
1036 1341 1152 1393 novam
1165 1329 1350 1411 editionem,

240 1431 272 1494 in
295 1449 358 1514 qua
380 1429 489 1494 traditi
511 1429 574 1494 lide
589 1439 735 1497 accurate
751 1439 881 1496 servata
898 1430 1008 1496 variae
1023 1431 1189 1496 meliorum
1205 1431 1350 1496 codicum
1448 1509 1449 1528 χ

241 1533 418 1616 scripturae
441 1532 615 1597 adnotatae
630 1539 747 1610 essent,
770 1530 1018 1614 flagrantissime
1034 1534 1224 1616 petiverunt.
1269 1534 1350 1598 Huic

240 1634 399 1700 desiderio
432 1638 568 1719 quodam
598 1635 693 1701 modo
727 1636 883 1700 succurrit
915 1634 1118 1699 Hermannus
1140 1634 1349 1705 Blassius,
1448 1653 1449 1678 ³

240 1737 292 1818 qui
316 1755 445 1820 operam
473 1757 494 1800 a
520 1736 656 1801 Thilone
689 1735 823 1802 dilatam
856 1737 1035 1820 suscipiens
1068 1746 1100 1800 et
1131 1736 1247 1801 auxilio
1279 1737 1348 1801 eius

240 1838 365 1904 adiutus
385 1838 418 1902 in
442 1839 666 1922 disquisitione
688 1838 728 1904 de
752 1845 856 1906 textus
871 1840 988 1907 Siliani
1012 1839 1160 1919 sontibus,
1183 1836 1348 1902 annalium

239 1940 579 2007 Fleckeisenianorum
629 1941 852 2026 supplemento
896 1941 984 2006 VIll⁰
1026 1943 1170 2028 (Lipsiae
1212 1941 1349 2025 1875s76

239 2063 270 2126 p.
287 2044 357 2119 161,
370 2043 452 2127 sqq.)
473 2046 640 2130 recepta1),
663 2064 789 2110 summa
808 2066 882 2112 cum
904 2065 979 2112 cura
994 2064 1031 2109 ac
1053 2045 1197 2110 sollertia
1211 2043 1287 2127 quid
1310 2043 1351 2108 de

239 2146 441 2230 archetypsis
464 2147 592 2212 amissis
625 2146 775 2212 traditum
809 2147 1047 2230 accepissemus
1080 2166 1184 2228 quove
1217 2146 1351 2210 consilio
1448 2129 1449 2216 l

238 2259 365 2316 veteres
387 2249 447 2314 viri
470 2249 555 2314 docti
578 2248 618 2314 iis
634 2250 682 2314 usi
697 2253 816 2330 essent,
839 2247 983 2332 exposuit
999 2254 1031 2311 et
1046 2248 1187 2312 omnium
1203 2245 1349 2312 codicum
1448 2265 1449 2332 l

239 2351 442 2432 Silianorum,
464 2350 517 2434 qui
539 2353 678 2415 aetatem
702 2351 850 2430 tulerunt,
874 2349 998 2414 ratione
1020 2350 1129 2414 habita
1150 2369 1188 2415 ac
1207 2349 1348 2432 descrip·
1448 2337 1449 2342 ¹

240 2453 325 2518 tione
348 2452 426 2518 data
446 2472 567 2535 genera
596 2452 747 2518 librorum
773 2473 870 2519 manu
899 2452 1089 2537 scriptorum
1111 2452 1349 2519 accuratissime
1448 2477 1449 2482 ¹

239 2554 391 2620 discrevit
418 2574 536 2636 eosque
569 2555 724 2637 definivit,
754 2555 812 2638 qui·
840 2574 943 2621 novae
977 2554 1109 2620 editioni
1141 2553 1350 2618 fundamento
1448 2593 1449 2636 r

239 2676 310 2725 esse
332 2655 523 2736 deberentur
565 2657 654 2722 Idem
676 2658 724 2723 vir
740 2657 975 2722 eruditissimus
991 2657 1086 2723 simul
1109 2665 1141 2722 et
1156 2656 1350 2738 benignissi-
1448 2683 1449 2686 ¹

241 2777 324 2838 mus,
361 2758 450 2824 cuius
488 2760 704 2842 cognoscendi
740 2778 843 2845 nuper
879 2759 1021 2824 Berolini
1065 2767 1211 2826 versatus
1247 2759 1350 2826 locum

239 2869 352 2927 nactus
376 2881 455 2941 sum,
479 2881 550 2926 cum
573 2863 711 2946 optimos
735 2860 863 2926 codices
886 2860 1021 2926 collatos
1054 2863 1181 2944 habeat,
1211 2861 1351 2945 cupienti
1448 2931 1449 2934 Ἴ

241 2964 318 3028 mihi
351 2963 391 3029 de
423 2965 646 3030 nonnullorum
682 2964 846 3030 nominum
883 2963 1039 3048 scriptura
1069 2965 1187 3030 tradita
1223 2962 1352 3029 edoceri

242 3066 396 3130 benevole
428 3086 486 3150 per
519 3066 642 3131 litteras
670 3067 839 3132 obsecutus
877 3073 933 3131 est.
977 3067 1061 3145 Quin
1099 3069 1195 3133 etiam
1232 3065 1352 3130 dudum

241 3177 341 3234 totum
365 3188 480 3251 poema
503 3169 586 3236 notis
609 3169 727 3235 criticis
757 3170 946 3234 instructum
969 3168 1088 3252 publici
1113 3169 1192 3234 iuris
1214 3167 1351 3245 lecisset,

240 3270 313 3354 nisi,
336 3270 419 3353 quod
442 3271 613 3336 dolendum
630 3280 689 3351 est,
714 3273 822 3336 morbo
845 3270 998 3336 intestino
1020 3277 1052 3335 et
1073 3269 1220 3352 magistri
1235 3267 1352 3334 officiis

241 3394 261 3438 a
282 3373 477 3458 perficiendo
500 3381 532 3438 et
553 3373 747 3438 elaborando
778 3392 874 3457 opere
903 3372 1132 3456 prohiberetur.
1177 3373 1220 3436 At
1245 3370 1352 3455 prius·

241 3495 335 3559 quam
365 3495 405 3539 ea
433 3476 464 3539 in
495 3476 597 3542 lucem
626 3476 769 3560 prodeat,
807 3476 1008 3556 coniecturae
1044 3481 1076 3539 et
1109 3473 1351 3539 emendationes
1448 3475 1449 3548 s

241 3579 298 3644 aut
317 3578 446 3643 omnino
470 3577 656 3644 retinendae
679 3587 734 3642 aut
760 3579 887 3662 parcius
912 3575 1113 3643 adhibendae
1140 3574 1296 3654 videntur,
1319 3581 1354 3636 ut

241 3680 459 3746 Baebrensius
487 3682 519 3745 in
551 3679 699 3745 Bursiani
727 3681 935 3745 relationibus
963 3679 1079 3743 annuis
1112 3676 1202 3764 (torn.
1229 3675 1268 3741 X.
1299 3674 1353 3758 qui

240 3843 452 3852 ...-—.-—.

348 3939 375 4006 1)
395 3937 484 3993 Etiam
503 3936 648 4007 separatim
666 3927 798 4004 impressa
816 3938 911 3992 exstat.

349 4028 377 4096 2)
397 4025 430 4086 cl'.
450 4027 595 4080 Baehrens.
615 4025 739 4078 Bursian.
763 4023 855 4084 relatt,
878 4041 940 4082 ann.
964 4021 1016 4094 III,
1042 4021 1167 4094 musca
1191 4039 1216 4093 p.
1238 4021 1289 4078 223
1312 4036 1352 4088 sq.

244 4113 341 4180 ,Eiuen
363 4116 463 4170 hdchst
486 4113 664 4168 crlreulichen
683 4113 799 4182 Beitrag
817 4129 865 4168 zur
882 4111 1184 4168 Handschriltenlrunde
1203 4113 1249 4166 des
1268 4109 1353 4164 Silius

243 4203 372 4258 verdanlrt
390 4219 452 4257 mcn
471 4202 517 4258 der
536 4201 642 4258 Schrilt
659 4220 711 4258 von
729 4201 763 4256 H.
783 4202 860 4258 Blass
880 4203 941 4260 etc?
